<?xml version="1.0" encoding="UTF-8"?>
<!DOCTYPE html PUBLIC "-//W3C//DTD XHTML 1.0 Transitional//EN"
    "http://www.w3.org/TR/xhtml1/DTD/xhtml1-transitional.dtd">
<html xmlns="http://www.w3.org/1999/xhtml" xml:lang="en" lang="en">
 <head>
  <title>
</title>
<meta http-equiv="Content-Type" content="text/html;charset=utf-8" />
  <meta name='ocr-system' content='tesseract 3.04.00' />
  <meta name='ocr-capabilities' content='ocr_page ocr_carea ocr_par ocr_line ocrx_word'/>
</head>
<body>
  <div class='ocr_page' id='page_1' title='image "./cicerodesenectut00ciceuoft_0029.png"; bbox 0 0 2046 3184; ppageno 0'>
   <div class='ocr_carea' id='block_1_1' title="bbox 0 3128 31 3184">
    <p class='ocr_par' dir='ltr' id='par_1_1' title="bbox 0 3128 31 3184">
     <span class='ocr_line' id='line_1_1' title="bbox 0 3128 31 3184; textangle 90"><span class='ocrx_word' id='word_1_1' title='bbox 0 3154 31 3184; x_wconf 52' lang='grc' dir='ltr'>κῇ</span> <span class='ocrx_word' id='word_1_2' title='bbox 0 3128 25 3142; x_wconf 77' lang='lat'>1:</span> 
     </span>
    </p>
   </div>
   <div class='ocr_carea' id='block_1_2' title="bbox 165 99 1801 172">
    <p class='ocr_par' dir='ltr' id='par_1_2' title="bbox 165 99 1801 172">
     <span class='ocr_line' id='line_1_2' title="bbox 165 99 1801 172; baseline 0.005 -27"><span class='ocrx_word' id='word_1_3' title='bbox 165 115 260 146; x_wconf 75' lang='lat' dir='ltr'>X1v.</span> <span class='ocrx_word' id='word_1_4' title='bbox 281 106 390 169; x_wconf 37' lang='grc'>46].</span> <span class='ocrx_word' id='word_1_5' title='bbox 563 103 1046 172; x_wconf 67' lang='lat' dir='ltr'>Compam&#39;onsh&#39;z&#39;ps</span> <span class='ocrx_word' id='word_1_6' title='bbox 1072 102 1146 169; x_wconf 77' lang='lat' dir='ltr'>qs</span> <span class='ocrx_word' id='word_1_7' title='bbox 1165 102 1252 152; x_wconf 76' lang='lat' dir='ltr'>the</span> <span class='ocrx_word' id='word_1_8' title='bbox 1286 99 1410 150; x_wconf 88' lang='lat' dir='ltr'><em>Old.</em></span> <span class='ocrx_word' id='word_1_9' title='bbox 1740 109 1801 163; x_wconf 84' lang='lat'>17</span> 
     </span>
    </p>
   </div>
   <div class='ocr_carea' id='block_1_3' title="bbox 122 252 1803 322">
    <p class='ocr_par' dir='ltr' id='par_1_3' title="bbox 122 252 1803 322">
     <span class='ocr_line' id='line_1_3' title="bbox 122 252 1803 322; baseline -0.005 -14"><span class='ocrx_word' id='word_1_10' title='bbox 122 310 126 314; x_wconf 69' lang='grc'><em>,</em></span> <span class='ocrx_word' id='word_1_11' title='bbox 167 275 274 308; x_wconf 91' lang='lat' dir='ltr'>non</span> <span class='ocrx_word' id='word_1_12' title='bbox 316 259 476 308; x_wconf 91' lang='lat' dir='ltr'>modo</span> <span class='ocrx_word' id='word_1_13' title='bbox 514 257 830 322; x_wconf 88' lang='lat' dir='ltr'>vituperatio</span> <span class='ocrx_word' id='word_1_14' title='bbox 875 257 1043 314; x_wconf 89' lang='lat' dir='ltr'>nulla,</span> <span class='ocrx_word' id='word_1_15' title='bbox 1088 255 1182 305; x_wconf 88' lang='lat' dir='ltr'>sed</span> <span class='ocrx_word' id='word_1_16' title='bbox 1229 254 1385 303; x_wconf 90' lang='lat' dir='ltr'>etiam</span> <span class='ocrx_word' id='word_1_17' title='bbox 1433 269 1641 302; x_wconf 91' lang='lat' dir='ltr'>summa</span> <span class='ocrx_word' id='word_1_18' title='bbox 1685 252 1803 301; x_wconf 91' lang='lat' dir='ltr'>laus</span> 
     </span>
    </p>
   </div>
   <div class='ocr_carea' id='block_1_4' title="bbox 162 332 1804 711">
    <p class='ocr_par' dir='ltr' id='par_1_4' title="bbox 162 332 1804 711">
     <span class='ocr_line' id='line_1_4' title="bbox 164 332 1803 400; baseline -0.004 -15"><span class='ocrx_word' id='word_1_19' title='bbox 164 337 449 386; x_wconf 81' lang='lat' dir='ltr'><strong>senectutis</strong></span> <span class='ocrx_word' id='word_1_20' title='bbox 487 344 586 392; x_wconf 90' lang='lat' dir='ltr'>est,</span> <span class='ocrx_word' id='word_1_21' title='bbox 616 335 758 400; x_wconf 92' lang='lat' dir='ltr'>quod</span> <span class='ocrx_word' id='word_1_22' title='bbox 797 351 858 383; x_wconf 90' lang='lat' dir='ltr'>ea</span> <span class='ocrx_word' id='word_1_23' title='bbox 891 335 1188 398; x_wconf 87' lang='lat' dir='ltr'>voluptates</span> <span class='ocrx_word' id='word_1_24' title='bbox 1214 332 1388 380; x_wconf 90' lang='lat' dir='ltr'>nullas</span> <span class='ocrx_word' id='word_1_25' title='bbox 1415 347 1615 397; x_wconf 89' lang='lat' dir='ltr'>magno</span> <span class='ocrx_word' id='word_1_26' title='bbox 1642 346 1803 395; x_wconf 90' lang='lat' dir='ltr'>opere</span> 
     </span>
     <span class='ocr_line' id='line_1_5' title="bbox 164 401 1803 476; baseline -0.005 -13"><span class='ocrx_word' id='word_1_27' title='bbox 164 414 450 463; x_wconf 82' lang='lat' dir='ltr'><strong>desiderat.</strong></span> <span class='ocrx_word' id='word_1_28' title='bbox 505 401 705 461; x_wconf 61' lang='lat' dir='ltr'>“Caret</span> <span class='ocrx_word' id='word_1_29' title='bbox 743 411 914 476; x_wconf 91' lang='lat' dir='ltr'>epulis</span> <span class='ocrx_word' id='word_1_30' title='bbox 953 409 1339 474; x_wconf 83' lang='lat' dir='ltr'>exstructisque</span> <span class='ocrx_word' id='word_1_31' title='bbox 1378 407 1575 461; x_wconf 83' lang='lat' dir='ltr'>mensis</span> <span class='ocrx_word' id='word_1_32' title='bbox 1615 415 1664 455; x_wconf 90' lang='lat' dir='ltr'>et</span> <span class='ocrx_word' id='word_1_33' title='bbox 1701 407 1803 455; x_wconf 89' lang='lat' dir='ltr'>fre-</span> 
     </span>
     <span class='ocr_line' id='line_1_6' title="bbox 163 485 1804 557; baseline -0.004 -17"><span class='ocrx_word' id='word_1_34' title='bbox 163 491 445 557; x_wconf 91' lang='lat' dir='ltr'>quentibus</span> <span class='ocrx_word' id='word_1_35' title='bbox 495 489 720 555; x_wconf 89' lang='lat' dir='ltr'>poculis.</span> <span class='ocrx_word' id='word_1_36' title='bbox 812 488 975 537; x_wconf 80' lang='lat' dir='ltr'>Caret</span> <span class='ocrx_word' id='word_1_37' title='bbox 1023 505 1153 554; x_wconf 88' lang='lat' dir='ltr'>ergo</span> <span class='ocrx_word' id='word_1_38' title='bbox 1204 487 1362 535; x_wconf 88' lang='lat' dir='ltr'>etiam</span> <span class='ocrx_word' id='word_1_39' title='bbox 1412 485 1702 534; x_wconf 83' lang='lat' dir='ltr'>vinulentia</span> <span class='ocrx_word' id='word_1_40' title='bbox 1754 492 1804 533; x_wconf 90' lang='lat' dir='ltr'>et</span> 
     </span>
     <span class='ocr_line' id='line_1_7' title="bbox 164 563 1804 629; baseline -0.004 -12"><span class='ocrx_word' id='word_1_41' title='bbox 164 569 420 618; x_wconf 89' lang='lat' dir='ltr'>cruditate</span> <span class='ocrx_word' id='word_1_42' title='bbox 465 576 516 616; x_wconf 90' lang='lat' dir='ltr'>et</span> <span class='ocrx_word' id='word_1_43' title='bbox 559 566 856 616; x_wconf 85' lang='lat' dir='ltr'>insomniis.</span> <span class='ocrx_word' id='word_1_44' title='bbox 935 566 1046 614; x_wconf 86' lang='lat' dir='ltr'>Sed</span> <span class='ocrx_word' id='word_1_45' title='bbox 1098 565 1140 614; x_wconf 91' lang='lat' dir='ltr'>si</span> <span class='ocrx_word' id='word_1_46' title='bbox 1193 563 1392 629; x_wconf 91' lang='lat' dir='ltr'>aliquid</span> <span class='ocrx_word' id='word_1_47' title='bbox 1439 563 1679 613; x_wconf 89' lang='lat' dir='ltr'>dandum</span> <span class='ocrx_word' id='word_1_48' title='bbox 1726 570 1804 610; x_wconf 91' lang='lat' dir='ltr'>est</span> 
     </span>
     <span class='ocr_line' id='line_1_8' title="bbox 162 639 1798 711; baseline -0.005 -16"><span class='ocrx_word' id='word_1_49' title='bbox 162 645 439 711; x_wconf 89' lang='lat' dir='ltr'>voluptati,</span> <span class='ocrx_word' id='word_1_50' title='bbox 464 645 718 710; x_wconf 91' lang='lat' dir='ltr'>quoniam</span> <span class='ocrx_word' id='word_1_51' title='bbox 740 644 854 693; x_wconf 91' lang='lat' dir='ltr'>eius</span> <span class='ocrx_word' id='word_1_52' title='bbox 875 643 1145 692; x_wconf 90' lang='lat' dir='ltr'>blanditiis</span> <span class='ocrx_word' id='word_1_53' title='bbox 1167 660 1272 691; x_wconf 91' lang='lat' dir='ltr'>non</span> <span class='ocrx_word' id='word_1_54' title='bbox 1295 641 1451 689; x_wconf 90' lang='lat' dir='ltr'>facile</span> <span class='ocrx_word' id='word_1_55' title='bbox 1473 639 1798 697; x_wconf 87' lang='lat' dir='ltr'>obsistimus,</span> 
     </span>
    </p>
   </div>
   <div class='ocr_carea' id='block_1_5' title="bbox 120 717 1802 782">
    <p class='ocr_par' dir='ltr' id='par_1_5' title="bbox 120 717 1802 782">
     <span class='ocr_line' id='line_1_9' title="bbox 120 717 1802 782; baseline -0.005 -10"><span class='ocrx_word' id='word_1_56' title='bbox 120 776 126 781; x_wconf 60' lang='grc'><em>,</em></span> <span class='ocrx_word' id='word_1_57' title='bbox 161 723 426 772; x_wconf 88' lang='lat' dir='ltr'>—divine</span> <span class='ocrx_word' id='word_1_58' title='bbox 466 722 607 770; x_wconf 91' lang='lat' dir='ltr'>enim</span> <span class='ocrx_word' id='word_1_59' title='bbox 646 721 799 770; x_wconf 90' lang='lat' dir='ltr'>Plato</span> <span class='ocrx_word' id='word_1_60' title='bbox 839 733 1016 769; x_wconf 86' lang='lat' dir='ltr'>escam</span> <span class='ocrx_word' id='word_1_61' title='bbox 1057 721 1320 768; x_wconf 89' lang='lat' dir='ltr'>malorum</span> <span class='ocrx_word' id='word_1_62' title='bbox 1361 718 1594 782; x_wconf 91' lang='lat' dir='ltr'>appellat</span> <span class='ocrx_word' id='word_1_63' title='bbox 1618 717 1802 781; x_wconf 88' lang='lat' dir='ltr'>volup-</span> 
     </span>
    </p>
   </div>
   <div class='ocr_carea' id='block_1_6' title="bbox 160 792 1802 1098">
    <p class='ocr_par' dir='ltr' id='par_1_6' title="bbox 160 792 1802 1098">
     <span class='ocr_line' id='line_1_10' title="bbox 162 792 1797 865; baseline -0.004 -16"><span class='ocrx_word' id='word_1_64' title='bbox 162 792 344 858; x_wconf 83' lang='lat' dir='ltr'>tatem,</span> <span class='ocrx_word' id='word_1_65' title='bbox 374 801 515 865; x_wconf 91' lang='lat' dir='ltr'>quod</span> <span class='ocrx_word' id='word_1_66' title='bbox 544 816 607 848; x_wconf 92' lang='lat' dir='ltr'>ea</span> <span class='ocrx_word' id='word_1_67' title='bbox 634 799 882 847; x_wconf 90' lang='lat' dir='ltr'>videlicet</span> <span class='ocrx_word' id='word_1_68' title='bbox 914 798 1156 846; x_wconf 88' lang='lat' dir='ltr'>homines</span> <span class='ocrx_word' id='word_1_69' title='bbox 1196 796 1474 861; x_wconf 83' lang='lat' dir='ltr'>capiantur</span> <span class='ocrx_word' id='word_1_70' title='bbox 1510 802 1567 843; x_wconf 93' lang='lat' dir='ltr'>ut</span> <span class='ocrx_word' id='word_1_71' title='bbox 1604 794 1797 859; x_wconf 86' lang='lat' dir='ltr'>pisces,</span> 
     </span>
     <span class='ocr_line' id='line_1_11' title="bbox 160 871 1800 944; baseline -0.005 -17"><span class='ocrx_word' id='word_1_72' title='bbox 160 894 558 944; x_wconf 76' lang='lat' dir='ltr'>—quamquam</span> <span class='ocrx_word' id='word_1_73' title='bbox 581 875 925 924; x_wconf 88' lang='lat' dir='ltr'>inmoderatis</span> <span class='ocrx_word' id='word_1_74' title='bbox 944 875 1113 939; x_wconf 89' lang='lat' dir='ltr'>epulis</span> <span class='ocrx_word' id='word_1_75' title='bbox 1132 884 1275 923; x_wconf 86' lang='lat' dir='ltr'>caret</span> <span class='ocrx_word' id='word_1_76' title='bbox 1293 884 1556 929; x_wconf 86' lang='lat' dir='ltr'>senectus,</span> <span class='ocrx_word' id='word_1_77' title='bbox 1579 871 1800 920; x_wconf 86' lang='lat' dir='ltr'>modicis</span> 
     </span>
     <span class='ocr_line' id='line_1_12' title="bbox 161 948 1802 1018; baseline -0.005 -14"><span class='ocrx_word' id='word_1_78' title='bbox 161 963 340 1004; x_wconf 87' lang='lat' dir='ltr'>tamen</span> <span class='ocrx_word' id='word_1_79' title='bbox 377 954 634 1004; x_wconf 90' lang='lat' dir='ltr'>conviviis</span> <span class='ocrx_word' id='word_1_80' title='bbox 661 953 913 1002; x_wconf 88' lang='lat' dir='ltr'>delectari</span> <span class='ocrx_word' id='word_1_81' title='bbox 941 960 1129 1018; x_wconf 90' lang='lat' dir='ltr'>potest.</span> <span class='ocrx_word' id='word_1_82' title='bbox 1208 951 1270 1000; x_wconf 88' lang='lat' dir='ltr'>C.</span> <span class='ocrx_word' id='word_1_83' title='bbox 1301 951 1596 1006; x_wconf 88' lang='lat' dir='ltr'>Duellium,</span> <span class='ocrx_word' id='word_1_84' title='bbox 1627 948 1802 997; x_wconf 85' lang='lat' dir='ltr'>Marci</span> 
     </span>
     <span class='ocr_line' id='line_1_13' title="bbox 161 1028 1800 1098; baseline -0.004 -17"><span class='ocrx_word' id='word_1_85' title='bbox 161 1033 351 1094; x_wconf 88' lang='lat' dir='ltr'>filium,</span> <span class='ocrx_word' id='word_1_86' title='bbox 390 1033 479 1098; x_wconf 87' lang='lat' dir='ltr'>qui</span> <span class='ocrx_word' id='word_1_87' title='bbox 522 1031 731 1080; x_wconf 88' lang='lat' dir='ltr'>Poenos</span> <span class='ocrx_word' id='word_1_88' title='bbox 759 1031 929 1079; x_wconf 89' lang='lat' dir='ltr'>classe</span> <span class='ocrx_word' id='word_1_89' title='bbox 957 1030 1158 1094; x_wconf 91' lang='lat' dir='ltr'>primus</span> <span class='ocrx_word' id='word_1_90' title='bbox 1180 1029 1465 1085; x_wconf 86' lang='lat' dir='ltr'>devicerat,</span> <span class='ocrx_word' id='word_1_91' title='bbox 1491 1028 1800 1075; x_wconf 88' lang='lat' dir='ltr'>redeuntem</span> 
     </span>
    </p>
   </div>
   <div class='ocr_carea' id='block_1_7' title="bbox 98 1098 1802 1172">
    <p class='ocr_par' dir='ltr' id='par_1_7' title="bbox 98 1098 1802 1172">
     <span class='ocr_line' id='line_1_14' title="bbox 98 1098 1802 1172; baseline -0.005 -12"><span class='ocrx_word' id='word_1_92' title='bbox 98 1130 102 1134; x_wconf 93' lang='lat'>·</span> <span class='ocrx_word' id='word_1_93' title='bbox 163 1127 216 1169; x_wconf 53' lang='lat' dir='ltr'>Q,</span> <span class='ocrx_word' id='word_1_94' title='bbox 233 1126 366 1159; x_wconf 92' lang='lat' dir='ltr'>cena</span> <span class='ocrx_word' id='word_1_95' title='bbox 405 1125 587 1167; x_wconf 87' lang='lat' dir='ltr'>senem</span> <span class='ocrx_word' id='word_1_96' title='bbox 629 1124 789 1172; x_wconf 90' lang='lat' dir='ltr'>saepe</span> <span class='ocrx_word' id='word_1_97' title='bbox 817 1108 1064 1157; x_wconf 91' lang='lat' dir='ltr'>videbam</span> <span class='ocrx_word' id='word_1_98' title='bbox 1098 1123 1261 1172; x_wconf 87' lang='lat' dir='ltr'>puer;</span> <span class='ocrx_word' id='word_1_99' title='bbox 1301 1098 1662 1155; x_wconf 83' lang='lat' dir='ltr'>delectabatur</span> <span class='ocrx_word' id='word_1_100' title='bbox 1690 1121 1802 1153; x_wconf 93' lang='lat' dir='ltr'>cre-</span> 
     </span>
    </p>
   </div>
   <div class='ocr_carea' id='block_1_8' title="bbox 134 1182 1805 2870">
    <p class='ocr_par' dir='ltr' id='par_1_8' title="bbox 160 1182 1804 2335">
     <span class='ocr_line' id='line_1_15' title="bbox 160 1182 1802 1250; baseline -0.004 -13"><span class='ocrx_word' id='word_1_101' title='bbox 160 1189 256 1238; x_wconf 90' lang='lat' dir='ltr'>bro</span> <span class='ocrx_word' id='word_1_102' title='bbox 283 1187 449 1236; x_wconf 90' lang='lat' dir='ltr'>funali</span> <span class='ocrx_word' id='word_1_103' title='bbox 477 1194 526 1235; x_wconf 92' lang='lat' dir='ltr'>et</span> <span class='ocrx_word' id='word_1_104' title='bbox 551 1186 786 1243; x_wconf 78' lang='lat' dir='ltr'>tibicine,</span> <span class='ocrx_word' id='word_1_105' title='bbox 817 1201 954 1250; x_wconf 91' lang='lat' dir='ltr'>quae</span> <span class='ocrx_word' id='word_1_106' title='bbox 983 1184 1080 1233; x_wconf 90' lang='lat' dir='ltr'>sibi</span> <span class='ocrx_word' id='word_1_107' title='bbox 1108 1184 1253 1233; x_wconf 91' lang='lat' dir='ltr'>nullo</span> <span class='ocrx_word' id='word_1_108' title='bbox 1282 1183 1529 1247; x_wconf 85' lang='lat' dir='ltr'>exemplo</span> <span class='ocrx_word' id='word_1_109' title='bbox 1568 1182 1802 1246; x_wconf 89' lang='lat' dir='ltr'>privatus</span> 
     </span>
     <span class='ocr_line' id='line_1_16' title="bbox 163 1255 1804 1330; baseline -0.004 -15"><span class='ocrx_word' id='word_1_110' title='bbox 163 1273 493 1330; x_wconf 86' lang='lat' dir='ltr'>sumpserat:</span> <span class='ocrx_word' id='word_1_111' title='bbox 544 1272 749 1312; x_wconf 90' lang='lat' dir='ltr'>tantum</span> <span class='ocrx_word' id='word_1_112' title='bbox 801 1262 1045 1311; x_wconf 88' lang='lat' dir='ltr'>licentiae</span> <span class='ocrx_word' id='word_1_113' title='bbox 1096 1262 1258 1311; x_wconf 91' lang='lat' dir='ltr'>dabat</span> <span class='ocrx_word' id='word_1_114' title='bbox 1306 1255 1534 1327; x_wconf 36' lang='lat' dir='ltr'>gloria&amp;¹</span> <span class='ocrx_word' id='word_1_115' title='bbox 1573 1271 1641 1305; x_wconf 86' lang='lat'>45.</span> <span class='ocrx_word' id='word_1_116' title='bbox 1693 1259 1804 1308; x_wconf 82' lang='lat' dir='ltr'>Sed</span> 
     </span>
     <span class='ocr_line' id='line_1_17' title="bbox 162 1337 1803 1410; baseline -0.004 -18"><span class='ocrx_word' id='word_1_117' title='bbox 162 1344 289 1410; x_wconf 88' lang='lat' dir='ltr'>quid</span> <span class='ocrx_word' id='word_1_118' title='bbox 316 1359 418 1409; x_wconf 91' lang='lat' dir='ltr'>ego</span> <span class='ocrx_word' id='word_1_119' title='bbox 447 1340 612 1391; x_wconf 88' lang='lat' dir='ltr'>alios?</span> <span class='ocrx_word' id='word_1_120' title='bbox 685 1340 773 1390; x_wconf 90' lang='lat' dir='ltr'>Ad</span> <span class='ocrx_word' id='word_1_121' title='bbox 802 1340 1063 1404; x_wconf 90' lang='lat' dir='ltr'>meipsum</span> <span class='ocrx_word' id='word_1_122' title='bbox 1100 1339 1206 1388; x_wconf 89' lang='lat' dir='ltr'>iam</span> <span class='ocrx_word' id='word_1_123' title='bbox 1233 1346 1484 1387; x_wconf 88' lang='lat' dir='ltr'>revertar.</span> <span class='ocrx_word' id='word_1_124' title='bbox 1563 1337 1803 1386; x_wconf 90' lang='lat' dir='ltr'>Primum</span> 
     </span>
     <span class='ocr_line' id='line_1_18' title="bbox 162 1407 1802 1485; baseline -0.004 -15"><span class='ocrx_word' id='word_1_125' title='bbox 162 1420 325 1470; x_wconf 91' lang='lat' dir='ltr'>habui</span> <span class='ocrx_word' id='word_1_126' title='bbox 351 1437 562 1485; x_wconf 89' lang='lat' dir='ltr'>semper</span> <span class='ocrx_word' id='word_1_127' title='bbox 588 1419 800 1468; x_wconf 90' lang='lat' dir='ltr'>sodalis.</span> <span class='ocrx_word' id='word_1_128' title='bbox 866 1407 1186 1467; x_wconf 86' lang='lat' dir='ltr'>Sodalitates</span> <span class='ocrx_word' id='word_1_129' title='bbox 1215 1425 1390 1465; x_wconf 87' lang='lat' dir='ltr'>autern</span> <span class='ocrx_word' id='word_1_130' title='bbox 1418 1433 1502 1464; x_wconf 89' lang='lat' dir='ltr'>me</span> <span class='ocrx_word' id='word_1_131' title='bbox 1523 1424 1802 1481; x_wconf 87' lang='lat' dir='ltr'>quaestore</span> 
     </span>
     <span class='ocr_line' id='line_1_19' title="bbox 162 1490 1798 1561; baseline -0.004 -14"><span class='ocrx_word' id='word_1_132' title='bbox 162 1498 476 1548; x_wconf 90' lang='lat' dir='ltr'>constitutae</span> <span class='ocrx_word' id='word_1_133' title='bbox 498 1490 638 1554; x_wconf 83' lang='lat' dir='ltr'>sunt,</span> <span class='ocrx_word' id='word_1_134' title='bbox 665 1496 830 1546; x_wconf 88' lang='lat' dir='ltr'>sacris</span> <span class='ocrx_word' id='word_1_135' title='bbox 859 1495 1035 1544; x_wconf 89' lang='lat' dir='ltr'>Idaeis</span> <span class='ocrx_word' id='word_1_136' title='bbox 1062 1493 1524 1561; x_wconf 84' lang='lat' dir='ltr'>MagnaeMatris</span> <span class='ocrx_word' id='word_1_137' title='bbox 1546 1493 1798 1557; x_wconf 90' lang='lat' dir='ltr'>acceptis.</span> 
     </span>
     <span class='ocr_line' id='line_1_20' title="bbox 162 1571 1802 1641; baseline -0.004 -15"><span class='ocrx_word' id='word_1_138' title='bbox 162 1575 438 1641; x_wconf 89' lang='lat' dir='ltr'>Epulabar</span> <span class='ocrx_word' id='word_1_139' title='bbox 481 1575 642 1641; x_wconf 89' lang='lat' dir='ltr'>igitur</span> <span class='ocrx_word' id='word_1_140' title='bbox 687 1591 808 1623; x_wconf 90' lang='lat' dir='ltr'>cum</span> <span class='ocrx_word' id='word_1_141' title='bbox 855 1573 1128 1622; x_wconf 84' lang='lat' dir='ltr'>sodalibus</span> <span class='ocrx_word' id='word_1_142' title='bbox 1171 1572 1388 1622; x_wconf 89' lang='lat' dir='ltr'>omnino</span> <span class='ocrx_word' id='word_1_143' title='bbox 1433 1571 1660 1627; x_wconf 90' lang='lat' dir='ltr'>modice,</span> <span class='ocrx_word' id='word_1_144' title='bbox 1709 1571 1802 1619; x_wconf 92' lang='lat' dir='ltr'>sed</span> 
     </span>
     <span class='ocr_line' id='line_1_21' title="bbox 162 1648 1803 1719; baseline -0.004 -17"><span class='ocrx_word' id='word_1_145' title='bbox 162 1662 276 1703; x_wconf 92' lang='lat' dir='ltr'>erat</span> <span class='ocrx_word' id='word_1_146' title='bbox 318 1653 537 1719; x_wconf 92' lang='lat' dir='ltr'>quidam</span> <span class='ocrx_word' id='word_1_147' title='bbox 582 1652 756 1701; x_wconf 88' lang='lat' dir='ltr'>fervor</span> <span class='ocrx_word' id='word_1_148' title='bbox 803 1651 1010 1707; x_wconf 90' lang='lat' dir='ltr'>aetatis,</span> <span class='ocrx_word' id='word_1_149' title='bbox 1055 1666 1160 1716; x_wconf 92' lang='lat' dir='ltr'>qua</span> <span class='ocrx_word' id='word_1_150' title='bbox 1205 1648 1580 1715; x_wconf 89' lang='lat' dir='ltr'>progrediente</span> <span class='ocrx_word' id='word_1_151' title='bbox 1623 1648 1803 1697; x_wconf 89' lang='lat' dir='ltr'>omnia</span> 
     </span>
     <span class='ocr_line' id='line_1_22' title="bbox 162 1726 1804 1794; baseline -0.004 -14"><span class='ocrx_word' id='word_1_152' title='bbox 162 1731 295 1780; x_wconf 91' lang='lat' dir='ltr'>fiunt</span> <span class='ocrx_word' id='word_1_153' title='bbox 319 1731 373 1779; x_wconf 92' lang='lat' dir='ltr'>in</span> <span class='ocrx_word' id='word_1_154' title='bbox 400 1731 513 1779; x_wconf 90' lang='lat' dir='ltr'>dies</span> <span class='ocrx_word' id='word_1_155' title='bbox 542 1730 768 1779; x_wconf 87' lang='lat' dir='ltr'>mitiora.</span> <span class='ocrx_word' id='word_1_156' title='bbox 845 1728 1038 1794; x_wconf 90' lang='lat' dir='ltr'>Neque</span> <span class='ocrx_word' id='word_1_157' title='bbox 1078 1727 1219 1776; x_wconf 92' lang='lat' dir='ltr'>enim</span> <span class='ocrx_word' id='word_1_158' title='bbox 1259 1727 1493 1792; x_wconf 90' lang='lat' dir='ltr'>ipsorum</span> <span class='ocrx_word' id='word_1_159' title='bbox 1534 1726 1804 1775; x_wconf 87' lang='lat' dir='ltr'>convivio.-</span> 
     </span>
     <span class='ocr_line' id='line_1_23' title="bbox 162 1804 1801 1870; baseline -0.004 -12"><span class='ocrx_word' id='word_1_160' title='bbox 162 1826 278 1858; x_wconf 90' lang='lat' dir='ltr'>rum</span> <span class='ocrx_word' id='word_1_161' title='bbox 317 1808 724 1858; x_wconf 88' lang='lat' dir='ltr'>delectationem</span> <span class='ocrx_word' id='word_1_162' title='bbox 758 1806 1117 1870; x_wconf 82' lang='lat' dir='ltr'>voluptatibus</span> <span class='ocrx_word' id='word_1_163' title='bbox 1155 1804 1390 1869; x_wconf 90' lang='lat' dir='ltr'>corporis</span> <span class='ocrx_word' id='word_1_164' title='bbox 1429 1804 1603 1869; x_wconf 90' lang='lat' dir='ltr'>magis</span> <span class='ocrx_word' id='word_1_165' title='bbox 1641 1807 1801 1869; x_wconf 85' lang='lat' dir='ltr'>quam</span> 
     </span>
     <span class='ocr_line' id='line_1_24' title="bbox 163 1880 1802 1940; baseline -0.004 -5"><span class='ocrx_word' id='word_1_166' title='bbox 163 1895 315 1936; x_wconf 90' lang='lat' dir='ltr'>coetu</span> <span class='ocrx_word' id='word_1_167' title='bbox 342 1885 636 1934; x_wconf 87' lang='lat' dir='ltr'>amicorum</span> <span class='ocrx_word' id='word_1_168' title='bbox 665 1894 716 1934; x_wconf 91' lang='lat' dir='ltr'>et</span> <span class='ocrx_word' id='word_1_169' title='bbox 750 1884 1084 1940; x_wconf 86' lang='lat' dir='ltr'>sermonibus</span> <span class='ocrx_word' id='word_1_170' title='bbox 1122 1882 1395 1931; x_wconf 89' lang='lat' dir='ltr'>metiebar.</span> <span class='ocrx_word' id='word_1_171' title='bbox 1474 1880 1621 1930; x_wconf 89' lang='lat' dir='ltr'>Bene</span> <span class='ocrx_word' id='word_1_172' title='bbox 1661 1881 1802 1930; x_wconf 90' lang='lat' dir='ltr'>enim</span> 
     </span>
     <span class='ocr_line' id='line_1_25' title="bbox 162 1952 1802 2030; baseline -0.003 -17"><span class='ocrx_word' id='word_1_173' title='bbox 162 1963 392 2030; x_wconf 86' lang='lat' dir='ltr'>majores</span> <span class='ocrx_word' id='word_1_174' title='bbox 431 1962 819 2011; x_wconf 89' lang='lat' dir='ltr'>accubitionem</span> <span class='ocrx_word' id='word_1_175' title='bbox 859 1952 1144 2025; x_wconf 87' lang='lat' dir='ltr'>epularem</span> <span class='ocrx_word' id='word_1_176' title='bbox 1168 1960 1481 2016; x_wconf 89' lang='lat' dir='ltr'>amicorum,</span> <span class='ocrx_word' id='word_1_177' title='bbox 1511 1958 1636 2024; x_wconf 91' lang='lat' dir='ltr'>quia</span> <span class='ocrx_word' id='word_1_178' title='bbox 1663 1959 1802 2008; x_wconf 88' lang='lat' dir='ltr'>vitae</span> 
     </span>
     <span class='ocr_line' id='line_1_26' title="bbox 164 2037 1803 2109; baseline -0.004 -18"><span class='ocrx_word' id='word_1_179' title='bbox 164 2040 593 2109; x_wconf 88' lang='lat' dir='ltr'>conjunctionem</span> <span class='ocrx_word' id='word_1_180' title='bbox 622 2040 861 2096; x_wconf 88' lang='lat' dir='ltr'>haberet,</span> <span class='ocrx_word' id='word_1_181' title='bbox 892 2038 1195 2087; x_wconf 89' lang='lat' dir='ltr'>convivium</span> <span class='ocrx_word' id='word_1_182' title='bbox 1224 2037 1664 2093; x_wconf 82' lang='lat' dir='ltr'>nominaverunt3</span> <span class='ocrx_word' id='word_1_183' title='bbox 1695 2053 1803 2085; x_wconf 91' lang='lat' dir='ltr'>me-</span> 
     </span>
     <span class='ocr_line' id='line_1_27' title="bbox 164 2113 1801 2201; baseline -0.004 -32"><span class='ocrx_word' id='word_1_184' title='bbox 164 2120 266 2169; x_wconf 91' lang='lat' dir='ltr'>lius</span> <span class='ocrx_word' id='word_1_185' title='bbox 303 2135 464 2186; x_wconf 92' lang='lat' dir='ltr'>quam</span> <span class='ocrx_word' id='word_1_186' title='bbox 504 2117 701 2167; x_wconf 92' lang='lat' dir='ltr'>Graeci</span> <span class='ocrx_word' id='word_1_187' title='bbox 740 2117 830 2182; x_wconf 91' lang='lat' dir='ltr'>qui</span> <span class='ocrx_word' id='word_1_188' title='bbox 883 2117 985 2165; x_wconf 94' lang='lat' dir='ltr'>hoc</span> <span class='ocrx_word' id='word_1_189' title='bbox 1022 2115 1164 2164; x_wconf 90' lang='lat' dir='ltr'>idem</span> <span class='ocrx_word' id='word_1_190' title='bbox 1214 2123 1324 2163; x_wconf 91' lang='lat' dir='ltr'>tum</span> <span class='ocrx_word' id='word_1_191' title='bbox 1375 2113 1801 2201; x_wconf 83' lang='lat' dir='ltr'>conpotationem</span> 
     </span>
     <span class='ocr_line' id='line_1_28' title="bbox 160 2183 1802 2258; baseline -0.005 -11"><span class='ocrx_word' id='word_1_192' title='bbox 160 2206 271 2246; x_wconf 89' lang='lat' dir='ltr'>tum</span> <span class='ocrx_word' id='word_1_193' title='bbox 323 2195 763 2246; x_wconf 88' lang='lat' dir='ltr'>concenationem</span> <span class='ocrx_word' id='word_1_194' title='bbox 810 2183 1034 2249; x_wconf 86' lang='lat' dir='ltr'>vocant3</span> <span class='ocrx_word' id='word_1_195' title='bbox 1085 2201 1142 2241; x_wconf 93' lang='lat' dir='ltr'>ut</span> <span class='ocrx_word' id='word_1_196' title='bbox 1191 2192 1334 2258; x_wconf 91' lang='lat' dir='ltr'>quod</span> <span class='ocrx_word' id='word_1_197' title='bbox 1383 2191 1436 2240; x_wconf 90' lang='lat' dir='ltr'>in</span> <span class='ocrx_word' id='word_1_198' title='bbox 1487 2207 1551 2241; x_wconf 90' lang='lat' dir='ltr'>eo</span> <span class='ocrx_word' id='word_1_199' title='bbox 1602 2208 1802 2258; x_wconf 88' lang='lat' dir='ltr'>genere</span> 
     </span>
     <span class='ocr_line' id='line_1_29' title="bbox 156 2269 1524 2335; baseline -0.004 -11.973"><span class='ocrx_word' id='word_1_200' title='bbox 156 2274 442 2326; x_wconf 90' lang='lat' dir='ltr'>minimum</span> <span class='ocrx_word' id='word_1_201' title='bbox 479 2281 558 2322; x_wconf 92' lang='lat' dir='ltr'>est</span> <span class='ocrx_word' id='word_1_202' title='bbox 594 2273 649 2322; x_wconf 94' lang='lat' dir='ltr'>id</span> <span class='ocrx_word' id='word_1_203' title='bbox 690 2271 923 2320; x_wconf 81' lang='lat' dir='ltr'>maxime</span> <span class='ocrx_word' id='word_1_204' title='bbox 963 2271 1188 2335; x_wconf 92' lang='lat' dir='ltr'>probare</span> <span class='ocrx_word' id='word_1_205' title='bbox 1227 2269 1524 2318; x_wconf 91' lang='lat' dir='ltr'>videantur.</span> 
     </span>
    </p>

    <p class='ocr_par' dir='ltr' id='par_1_9' title="bbox 134 2347 1805 2870">
     <span class='ocr_line' id='line_1_30' title="bbox 134 2347 1802 2435; baseline -0.001 -38"><span class='ocrx_word' id='word_1_206' title='bbox 134 2355 170 2397; x_wconf 72' lang='lat' dir='ltr'><strong><em>V</em></strong></span> <span class='ocrx_word' id='word_1_207' title='bbox 231 2368 348 2401; x_wconf 79' lang='lat' dir='ltr'>xlv.</span> <span class='ocrx_word' id='word_1_208' title='bbox 411 2365 484 2400; x_wconf 81' lang='lat'>46.</span> <span class='ocrx_word' id='word_1_209' title='bbox 535 2350 655 2417; x_wconf 82' lang='lat' dir='ltr'>Ego</span> <span class='ocrx_word' id='word_1_210' title='bbox 682 2367 808 2399; x_wconf 91' lang='lat' dir='ltr'>vero</span> <span class='ocrx_word' id='word_1_211' title='bbox 847 2358 1060 2435; x_wconf 84' lang='lat' dir='ltr'>propter</span> <span class='ocrx_word' id='word_1_212' title='bbox 1096 2348 1356 2398; x_wconf 89' lang='lat' dir='ltr'>sermonis</span> <span class='ocrx_word' id='word_1_213' title='bbox 1394 2347 1802 2397; x_wconf 90' lang='lat' dir='ltr'>delectationem</span> 
     </span>
     <span class='ocr_line' id='line_1_31' title="bbox 161 2426 1803 2494; baseline -0.003 -15"><span class='ocrx_word' id='word_1_214' title='bbox 161 2430 487 2494; x_wconf 89' lang='lat' dir='ltr'>tempestivis</span> <span class='ocrx_word' id='word_1_215' title='bbox 529 2444 740 2494; x_wconf 90' lang='lat' dir='ltr'>quoque</span> <span class='ocrx_word' id='word_1_216' title='bbox 792 2426 1050 2476; x_wconf 88' lang='lat' dir='ltr'>conviviis</span> <span class='ocrx_word' id='word_1_217' title='bbox 1100 2426 1352 2482; x_wconf 89' lang='lat' dir='ltr'>delector,</span> <span class='ocrx_word' id='word_1_218' title='bbox 1391 2441 1492 2474; x_wconf 91' lang='lat' dir='ltr'>nec</span> <span class='ocrx_word' id='word_1_219' title='bbox 1541 2441 1663 2473; x_wconf 91' lang='lat' dir='ltr'>cum</span> <span class='ocrx_word' id='word_1_220' title='bbox 1716 2441 1803 2474; x_wconf 86' lang='lat' dir='ltr'>ae-</span> 
     </span>
     <span class='ocr_line' id='line_1_32' title="bbox 162 2501 1800 2580; baseline -0.003 -24"><span class='ocrx_word' id='word_1_221' title='bbox 162 2508 408 2573; x_wconf 89' lang='lat' dir='ltr'>qualibus</span> <span class='ocrx_word' id='word_1_222' title='bbox 435 2507 628 2562; x_wconf 90' lang='lat' dir='ltr'>solum,</span> <span class='ocrx_word' id='word_1_223' title='bbox 658 2504 747 2570; x_wconf 90' lang='lat' dir='ltr'>qui</span> <span class='ocrx_word' id='word_1_224' title='bbox 787 2501 944 2569; x_wconf 86' lang='lat' dir='ltr'>pauci</span> <span class='ocrx_word' id='word_1_225' title='bbox 985 2503 1290 2580; x_wconf 90' lang='lat' dir='ltr'>admodum</span> <span class='ocrx_word' id='word_1_226' title='bbox 1293 2512 1528 2559; x_wconf 88' lang='lat' dir='ltr'>restant,</span> <span class='ocrx_word' id='word_1_227' title='bbox 1559 2503 1652 2552; x_wconf 91' lang='lat' dir='ltr'>sed</span> <span class='ocrx_word' id='word_1_228' title='bbox 1680 2519 1800 2552; x_wconf 91' lang='lat' dir='ltr'>cum</span> 
     </span>
     <span class='ocr_line' id='line_1_33' title="bbox 160 2554 1803 2646; baseline -0.002 -13"><span class='ocrx_word' id='word_1_229' title='bbox 160 2592 336 2633; x_wconf 89' lang='lat' dir='ltr'>vestra</span> <span class='ocrx_word' id='word_1_230' title='bbox 363 2584 521 2632; x_wconf 90' lang='lat' dir='ltr'>etiam</span> <span class='ocrx_word' id='word_1_231' title='bbox 555 2590 726 2630; x_wconf 85' lang='lat' dir='ltr'>aetate</span> <span class='ocrx_word' id='word_1_232' title='bbox 767 2590 923 2646; x_wconf 87' lang='lat' dir='ltr'>atque</span> <span class='ocrx_word' id='word_1_233' title='bbox 952 2581 1260 2636; x_wconf 82' lang='lat' dir='ltr'>vobiscum3</span> <span class='ocrx_word' id='word_1_234' title='bbox 1265 2554 1579 2646; x_wconf 91' lang='lat' dir='ltr'>habeoque</span> <span class='ocrx_word' id='word_1_235' title='bbox 1618 2597 1803 2629; x_wconf 87' lang='lat' dir='ltr'>senec-</span> 
     </span>
     <span class='ocr_line' id='line_1_34' title="bbox 161 2657 1801 2731; baseline -0.003 -21"><span class='ocrx_word' id='word_1_236' title='bbox 161 2661 255 2710; x_wconf 88' lang='lat' dir='ltr'>tuti</span> <span class='ocrx_word' id='word_1_237' title='bbox 285 2677 540 2727; x_wconf 90' lang='lat' dir='ltr'>magnam</span> <span class='ocrx_word' id='word_1_238' title='bbox 568 2658 817 2725; x_wconf 87' lang='lat' dir='ltr'>gratiam,</span> <span class='ocrx_word' id='word_1_239' title='bbox 848 2673 986 2731; x_wconf 49' lang='lat' dir='ltr'>quqe</span> <span class='ocrx_word' id='word_1_240' title='bbox 1027 2657 1156 2705; x_wconf 84' lang='lat' dir='ltr'>mihi</span> <span class='ocrx_word' id='word_1_241' title='bbox 1195 2657 1457 2706; x_wconf 88' lang='lat' dir='ltr'>sermonis</span> <span class='ocrx_word' id='word_1_242' title='bbox 1496 2657 1801 2707; x_wconf 90' lang='lat' dir='ltr'>aviditatem</span> 
     </span>
     <span class='ocr_line' id='line_1_35' title="bbox 163 2733 1802 2802; baseline -0.002 -15"><span class='ocrx_word' id='word_1_243' title='bbox 163 2738 328 2796; x_wconf 84' lang='lat' dir='ltr'>auxit,</span> <span class='ocrx_word' id='word_1_244' title='bbox 354 2737 581 2802; x_wconf 89' lang='lat' dir='ltr'>potionis</span> <span class='ocrx_word' id='word_1_245' title='bbox 619 2744 670 2784; x_wconf 89' lang='lat' dir='ltr'>et</span> <span class='ocrx_word' id='word_1_246' title='bbox 709 2735 811 2784; x_wconf 91' lang='lat' dir='ltr'>cibi</span> <span class='ocrx_word' id='word_1_247' title='bbox 851 2734 1075 2784; x_wconf 90' lang='lat' dir='ltr'>sustulit.</span> <span class='ocrx_word' id='word_1_248' title='bbox 1157 2733 1317 2798; x_wconf 79' lang='lat' dir='ltr'>Qod</span> <span class='ocrx_word' id='word_1_249' title='bbox 1357 2735 1398 2783; x_wconf 90' lang='lat' dir='ltr'>si</span> <span class='ocrx_word' id='word_1_250' title='bbox 1437 2751 1597 2800; x_wconf 88' lang='lat' dir='ltr'>quem</span> <span class='ocrx_word' id='word_1_251' title='bbox 1643 2735 1802 2784; x_wconf 91' lang='lat' dir='ltr'>etiam</span> 
     </span>
     <span class='ocr_line' id='line_1_36' title="bbox 161 2812 1805 2870; baseline -0.002 -6"><span class='ocrx_word' id='word_1_252' title='bbox 161 2814 263 2864; x_wconf 89' lang='lat' dir='ltr'>ista</span> <span class='ocrx_word' id='word_1_253' title='bbox 303 2816 588 2870; x_wconf 89' lang='lat' dir='ltr'>delectant,</span> <span class='ocrx_word' id='word_1_254' title='bbox 619 2830 685 2861; x_wconf 91' lang='lat' dir='ltr'>ne</span> <span class='ocrx_word' id='word_1_255' title='bbox 725 2813 943 2861; x_wconf 90' lang='lat' dir='ltr'>omnino</span> <span class='ocrx_word' id='word_1_256' title='bbox 985 2812 1182 2861; x_wconf 92' lang='lat' dir='ltr'>bellum</span> <span class='ocrx_word' id='word_1_257' title='bbox 1220 2812 1476 2862; x_wconf 85' lang='lat' dir='ltr'>indixisse</span> <span class='ocrx_word' id='word_1_258' title='bbox 1503 2813 1689 2861; x_wconf 89' lang='lat' dir='ltr'>videar</span> <span class='ocrx_word' id='word_1_259' title='bbox 1714 2829 1805 2861; x_wconf 89' lang='lat' dir='ltr'>vo-</span> 
     </span>
    </p>
   </div>
   <div class='ocr_carea' id='block_1_9' title="bbox 119 2889 1801 2956">
    <p class='ocr_par' dir='ltr' id='par_1_10' title="bbox 119 2889 1801 2956">
     <span class='ocr_line' id='line_1_37' title="bbox 119 2889 1801 2956; baseline -0.002 -15"><span class='ocrx_word' id='word_1_260' title='bbox 119 2892 369 2956; x_wconf 87' lang='lat' dir='ltr'>·luptati,</span> <span class='ocrx_word' id='word_1_261' title='bbox 414 2891 564 2940; x_wconf 88' lang='lat' dir='ltr'>cuius</span> <span class='ocrx_word' id='word_1_262' title='bbox 614 2898 692 2938; x_wconf 91' lang='lat' dir='ltr'>est</span> <span class='ocrx_word' id='word_1_263' title='bbox 743 2889 965 2938; x_wconf 84' lang='lat' dir='ltr'>fortasse</span> <span class='ocrx_word' id='word_1_264' title='bbox 1016 2889 1234 2954; x_wconf 88' lang='lat' dir='ltr'>quidam</span> <span class='ocrx_word' id='word_1_265' title='bbox 1284 2889 1541 2938; x_wconf 90' lang='lat' dir='ltr'>naturalis</span> <span class='ocrx_word' id='word_1_266' title='bbox 1591 2890 1801 2946; x_wconf 90' lang='lat' dir='ltr'>modus,</span> 
     </span>
    </p>
   </div>
   <div class='ocr_carea' id='block_1_10' title="bbox 163 2966 1804 3086">
    <p class='ocr_par' dir='ltr' id='par_1_11' title="bbox 163 2966 1804 3086">
     <span class='ocr_line' id='line_1_38' title="bbox 163 2966 1804 3036; baseline -0.003 -16"><span class='ocrx_word' id='word_1_267' title='bbox 163 2985 270 3020; x_wconf 86' lang='lat' dir='ltr'>non</span> <span class='ocrx_word' id='word_1_268' title='bbox 290 2969 543 3036; x_wconf 89' lang='lat' dir='ltr'>intellego</span> <span class='ocrx_word' id='word_1_269' title='bbox 575 2982 641 3015; x_wconf 89' lang='lat' dir='ltr'>ne</span> <span class='ocrx_word' id='word_1_270' title='bbox 663 2966 717 3014; x_wconf 91' lang='lat' dir='ltr'>in</span> <span class='ocrx_word' id='word_1_271' title='bbox 733 2966 842 3015; x_wconf 90' lang='lat' dir='ltr'>istis</span> <span class='ocrx_word' id='word_1_272' title='bbox 861 2966 1075 3032; x_wconf 91' lang='lat' dir='ltr'>quidem</span> <span class='ocrx_word' id='word_1_273' title='bbox 1093 2966 1222 3031; x_wconf 88' lang='lat' dir='ltr'>ipsis</span> <span class='ocrx_word' id='word_1_274' title='bbox 1242 2967 1600 3031; x_wconf 87' lang='lat' dir='ltr'>voluptatibus</span> <span class='ocrx_word' id='word_1_275' title='bbox 1623 2983 1804 3016; x_wconf 91' lang='lat' dir='ltr'>carere</span> 
     </span>
     <span class='ocr_line' id='line_1_39' title="bbox 977 3059 999 3086; baseline 0 0"><span class='ocrx_word' id='word_1_276' title='bbox 977 3059 999 3086; x_wconf 89' lang='lat'>2</span> 
     </span>
    </p>
   </div>
  </div>
 </body>
</html>
