2046 3184
192 77 286 109 XVI·
309 66 396 124 56·]
587 68 642 120 T
631 69 698 119 be
742 69 852 120 Old
882 70 1099 120 Roman
1154 71 1432 123 Wortlzz‘eS.
1763 92 1824 127 21

193 237 386 290 agrum
412 229 464 272 et
488 239 611 271 eum
639 230 1018 272 stercorantem
1047 224 1190 274 facit.
1257 225 1377 276 Nec
1402 244 1530 277 vero
1557 230 1829 296 segetibus

191 300 363 349 solum
391 309 442 349 et
466 300 629 366 pratis
656 309 707 349 et
731 301 900 351 vineis
927 310 978 351 et
1005 304 1231 352 arbustis
1266 321 1351 354 res
1389 307 1618 356 rusticae
1656 308 1828 358 laetae

190 386 331 436 sunt,
383 378 478 427 sed
529 378 692 427 hortis
742 379 902 427 etiarn
953 388 1004 429 et
1061 381 1346 445 pomariis;
1398 391 1508 432 tum
1560 387 1827 449 pecudum

188 464 363 519 pastu,
406 455 586 519 apium
636 456 992 514 examinibus,
1035 457 1224 507 florum
1275 460 1513 509 omnium
1551 464 1823 513 varietate.

188 531 309 581 Nec
335 532 653 582 consitiones
690 533 847 583 modo
885 534 1169 593 delectant,
1202 537 1295 585 sed
1334 538 1492 587 etiam
1531 539 1826 600 insitiones,

168 610 378 676 ,quibus
406 610 536 659 nihil
563 610 763 659 invenit
791 611 1115 678 agricultura
1143 614 1425 665 sollertius.

256 703 376 736 XVI.
419 700 487 736 55
550 687 776 737 Possum
826 690 1074 777 persequi
1125 694 1389 756 permulta
1438 694 1827 745 oblectamenta

185 781 364 814 rerum
401 765 750 823 rusticaium3
790 767 885 815 sed
912 783 975 816 ea
1003 767 1119 833 ipsa
1146 786 1283 835 quae
1311 771 1421 820 dixi
1460 773 1628 822 sentio
1666 773 1828 822 fuisse

185 843 449 909 longiora.
493 831 788 910 Ignoscetis
816 853 1026 902 autem3
1054 863 1178 895 nam
1203 855 1253 896 et
1279 849 1452 898 studio
1473 866 1648 898 rerum
1677 851 1829 899 rusti-

186 936 370 979 carum
393 930 674 986 provectus
701 938 840 979 sum,
866 931 916 970 et
941 933 1188 974 senectus
1216 934 1294 974 est
1320 935 1508 975 natura
1535 928 1827 1015 loquacior,

184 1014 252 1047 ne
291 999 359 1047 ab
397 998 643 1047 omnibus
683 1015 802 1048 eam
829 1000 968 1050 vitiis
994 1001 1179 1050 videar
1204 1003 1495 1052 vindicare.
1586 980 1734 1071 Ergo
1771 1005 1856 1058 in.

185 1076 290 1126 hac
309 1076 414 1126 vita
436 1075 530 1125 M'.
556 1075 773 1135 Curius,
799 1094 921 1127 cum
949 1079 1014 1127 de
1037 1078 1385 1139 Samnitibus,
1413 1082 1477 1130 de
1500 1081 1734 1140 Sabinis,
1760 1084 1825 1132 de

163 1152 395 1222 .Pyrrho
431 1154 883 1220 triumphavisset,
914 1157 1244 1222 consumpsit
1281 1167 1576 1208 extremum
1616 1168 1824 1225 tempus

185 1233 403 1283 aetatis:
443 1233 593 1283 cuius
620 1234 837 1299 quidem
866 1251 969 1302 ego
995 1235 1178 1283 villam
1207 1237 1824 1301 contemplans—abest

183 1311 327 1361 enirn
365 1329 472 1362 non
510 1312 672 1378 longe
718 1328 748 1361 a
793 1313 1237 1362 me—-admirari
1284 1313 1410 1362 satis
1455 1331 1560 1363 non
1606 1331 1822 1379 possum

182 1390 267 1439 vel
296 1389 563 1439 hominis
551 1390 717 1455 1psius
744 1390 1122 1439 continentiam
1151 1391 1234 1440 vel
1261 1399 1560 1456 temporum
1589 1392 1824 1457 discipli-

183 1483 329 1516 nam.
343 1456 475 1514 5.ss
514 1466 677 1517 Curio
706 1468 774 1516 ad
802 1467 978 1517 focum
1016 1468 1216 1517 sedenti
1257 1485 1512 1535 magnum
1542 1470 1654 1517 auri
1694 1487 1822 1534 pon-

184 1545 284 1595 dus
305 1544 574 1595 Samnites
595 1562 717 1595 cum
741 1546 1056 1603 attulissent,
1080 1545 1342 1610 repudiati
1371 1554 1522 1602 sunt3
1551 1563 1657 1595 non
1680 1548 1820 1596 enim

184 1639 371 1672 aurum
401 1624 599 1672 habere
625 1624 962 1688 praeclarum
991 1623 1088 1673 sibi
1119 1623 1282 1672 videri
1311 1622 1462 1680 dixit,
1493 1624 1587 1673 sed
1626 1624 1700 1673 eis
1732 1625 1822 1690 qui

184 1701 443 1765 haberent
487 1717 675 1750 aurum
710 1701 995 1767 imperare.
1066 1699 1357 1750 Poteratne⁴
1393 1708 1568 1750 tantus
1613 1702 1821 1751 animus

183 1780 394 1830 efficere
444 1797 551 1830 non
596 1780 887 1830 iucundam
939 1778 1300 1830 senectutem?
1399 1779 1510 1830 Sed
1553 1781 1708 1830 venio
1754 1783 1821 1831 ad

184 1858 470 1924 agricolas,
500 1874 567 1907 ne
595 1874 625 1907 a
653 1875 738 1908 me
777 1859 893 1924 ipso
921 1858 1190 1908 recedam.
1269 1857 1330 1906 In
1359 1857 1503 1924 agris
1531 1867 1680 1907 erant
1710 1868 1819 1908 tum

184 1943 474 1993 senatores,
513 1935 567 1984 id
606 1944 684 1985 est
721 1939 909 1993 senes}
950 1935 1209 2002 siquidem
1252 1935 1422 1984 aranti
1460 1934 1527 1984 L.
1567 1934 1820 1999 Qinctio

183 2005 505 2062 Cincinnato
532 2014 828 2063 nuntiatum
858 2024 935 2064 est
963 2031 1084 2063 eum
1114 2013 1423 2063 dictatorem
1452 2029 1568 2062 esse
1598 2014 1816 2071 factum,

183 2091 334 2157 cujus
369 2090 641 2140 ‘dictatoris
691 2091 838 2142 iussu
884 2092 1139 2159 magister
1178 2090 1411 2156 equitum
1451 2090 1517 2140 C.
1561 2090 1820 2141 Servilius

185 2165 363 2217 Ahala
403 2167 502 2233 Sp.
547 2167 809 2217 Maelium
850 2186 1078 2236 regnum
1122 2169 1455 2233 adpetentem
1502 2178 1818 2233 occupatum

183 2244 463 2294 interemit.
544 2244 599 2294 A
635 2246 760 2294 villa
799 2246 853 2295 in
881 2257 1124 2297 senatum
1155 2246 1522 2295 arcessebatur
1549 2255 1598 2294 et
1625 2246 1820 2296 Curius

183 2329 235 2371 et
277 2322 436 2371 ceteri
477 2339 653 2380 senes,
694 2341 761 2372 ex
800 2341 904 2389 quo
949 2325 1036 2391 qui
1080 2341 1170 2373 eos
1213 2323 1554 2372 arcessebant
1592 2324 1819 2373 viatores

181 2399 439 2448 nominati
479 2409 615 2448 sunt.
694 2401 840 2449 Num
891 2402 1052 2468 igitur
1092 2403 1280 2451 horum
1320 2410 1563 2449 senectus
1603 2402 1821 2450 misera-

181 2477 302 2526 bilis
340 2477 436 2525 fuit
462 2479 551 2543 qui
590 2495 646 2527 se
686 2478 800 2544 agri
841 2480 1070 2529 cultione
1097 2477 1470 2529 oblectabant?
1544 2477 1672 2526 Mea
1707 2479 1821 2544 qui-

183 2554 306 2603 dem
346 2555 604 2603 sententia
632 2556 777 2604 haud
805 2557 914 2604 scio
944 2573 1011 2604 an
1038 2559 1185 2606 nulla
1225 2556 1429 2606 beatior
1467 2555 1632 2620 possit
1670 2572 1819 2605 esse:

182 2647 356 2696 neque
401 2632 572 2680 solum
610 2633 804 2691 officio,
845 2635 988 2699 quod
1027 2635 1300 2684 hominum
1349 2633 1534 2701 generi
1573 2633 1821 2683 universo

184 2709 388 2756 cultura
411 2725 663 2773 agrorum
685 2718 764 2759 est
784 2711 1048 2769 salutaris,
1074 2713 1167 2762 sed
1191 2722 1240 2762 et
1262 2712 1633 2768 delectatione,
1658 2728 1819 2776 quam

45 2793 55 2803 ‘
107 2789 118 2805 ’χ
183 2785 315 2841 dixi,
340 2794 388 2833 et
416 2785 683 2835 saturitate
711 2788 971 2854 copiaque
998 2806 1172 2838 rerum
1196 2791 1432 2840 omnium
1452 2808 1589 2858 quae
1619 2790 1685 2838 ad
1713 2790 1819 2838 vic·
1849 2798 1851 2801 '

180 2869 292 2909 tum
321 2862 615 2919 hominum,
648 2864 712 2912 ad
742 2866 940 2913 cultum
969 2868 1126 2915 etiam
1155 2868 1374 2917 deorum
1403 2870 1698 2933 pertinent3
1739 2876 1814 2924 ut,

183 2939 435 3006 quoniam
463 2940 598 2988 haec
624 2941 839 3006 quidam
869 2942 1192 3003 desiderant,
1222 2945 1274 2994 in
1305 2947 1530 3012 gratiam
1561 2947 1665 2996 iarn
1697 2965 1818 2997 cum
