2046 3184
182 99 249 150 24
824 83 908 135 On
944 83 1054 135 Old
1074 83 1217 151 Age.
1543 97 1682 152 [CAT.
1705 99 1826 152 MAJ.

181 236 451 303 quondam
491 253 614 286 cum
654 236 888 287 adsensu
925 237 1165 288 omnium
1204 237 1336 296 dixi,
1370 246 1382 269 ‘
1405 237 1668 288 Miseram
1707 255 1825 290 esse
1899 287 1901 289 .

182 323 508 364 senectutem
551 331 690 380 quae
735 331 792 364 se
831 317 1069 365 oratione
1115 315 1463 365 defenderet.'
1537 315 1664 366 Non
1705 317 1827 367 cani

180 409 281 441 nec
308 408 476 458 rugae
514 400 732 456 repente
772 393 1138 442 auctoritatem
1167 393 1411 458 adripere
1439 403 1692 459 possunt3
1733 395 1829 445 sed'

183 472 403 519 honeste
444 478 561 518 acta
602 471 844 535 superior
883 481 1030 520 aetas
1082 472 1282 520 fructus
1323 472 1466 537 capit
1505 473 1827 524 auctoritatis

182 528 507 603 extremosff
543 562 616 597 63.
660 548 811 617 Haec
839 550 979 598 enim
1019 549 1136 614 ipsa
1177 558 1299 598 sunt
1327 551 1662 601 honorabilia
1689 567 1827 618 quae

181 627 425 674 videntur
452 627 591 675 levia
619 629 1131 696 atque-communia,
1152 629 1476 687 —salutari,
1508 629 1707 695 adpeti,
1736 630 1828 679 de-

182 705 318 762 cedi,
357 705 596 772 adsurgi,
637 701 849 763 deduci,
892 705 1095 762 reduci,
1140 707 1378 764 consuli3
1418 723 1556 774 quae
1595 716 1645 756 et
1682 707 1827 773 apud

183 800 277 831 nos
300 791 349 831 et
375 782 428 830 in
452 783 568 832 aliis
591 783 910 840 civitatibus,
935 791 991 831 ut
1016 800 1261 851 quaeque
1283 786 1480 850 optime
1501 794 1706 835 morata
1726 793 1824 843 est,

182 861 252 909 ita
279 861 688 927 diligentissime
726 861 1095 910 observantur.
1175 862 1521 929 Lysandrum
1549 862 1828 914 Lacedae-

183 939 441 996 monium,
490 939 640 988 cuius
692 940 851 989 modo
901 940 1005 989 feci
1057 942 1399 999 mentionem,
1453 942 1631 991 dicere
1681 941 1830 991 aiunt

182 1017 392 1066 solitum
433 1017 907 1066 Lacedaemonem
961 1035 1078 1069 esse
1130 1020 1562 1068 honestissimum
1608 1019 1828 1069 domici-

182 1095 310 1144 lium
340 1096 658 1145 senectutis:
689 1113 956 1162 nusquam
979 1097 1118 1146 enim
1148 1107 1351 1147 tanturn
1377 1098 1622 1147 tribuitur
1649 1097 1825 1155 aetati,

172 1191 446 1240 nusquam
476 1184 553 1224 est
586 1183 833 1224 senectus
862 1176 1187 1226 honoratior.
1267 1174 1415 1240 Qin
1443 1176 1600 1225 etiam
1630 1193 1830 1226 memo—

171 1253 291 1302 ⁴riae
320 1254 586 1318 proditum
620 1262 717 1311 est,
749 1270 872 1303 cum
899 1253 1128 1304 Athenis
1166 1255 1305 1304 ludis
1332 1253 1550 1320 quidam
1588 1254 1642 1303 in
1681 1254 1830 1303 thea-

180 1339 318 1380 trum
365 1333 602 1398 grandis¹
631 1341 759 1381 natu
803 1333 1055 1391 venisset,
1104 1349 1304 1399 magno
1350 1349 1606 1382 consessu
1650 1332 1828 1382 locum

171 1427 446 1476 nusquam
499 1410 547 1459 ei
598 1411 779 1460 datum
831 1427 862 1460 a
911 1411 1021 1461 suis
1068 1411 1305 1467 civibus3
1357 1426 1479 1459 cum
1531 1418 1709 1460 autem
1760 1410 1829 1459 ad

181 1485 649 1538 Lacedaemonios
701 1489 1034 1546 accessisset,
1081 1489 1191 1555 qui,
1241 1488 1404 1555 legati
1455 1504 1579 1538 cum
1629 1495 1826 1545 essent,

169 1576 326 1618 =certo
376 1569 431 1616 in
483 1568 601 1617 loco
647 1565 1020 1624 consederant,
1069 1569 1468 1616 consurrexisse
1517 1582 1704 1616 omnes
1753 1565 1829 1614 illi

170 1647 449 1705 dicuntur,
481 1655 531 1696 et
557 1662 741 1695 senem
769 1662 975 1695 sessum
1002 1648 1289 1710 recepisse.
1354 1657 1428 1694 64.
1466 1643 1679 1710 Qibus
1707 1659 1828 1693 cum

182 1742 213 1774 a
241 1734 432 1775 cuncto
461 1741 716 1774 consessu
755 1724 976 1789 plausus
1015 1732 1155 1772 esset
1192 1723 1473 1789 multiplex
1511 1723 1685 1780 datus,
1715 1721 1831 1772 dix-

179 1803 286 1853 isse
339 1820 406 1852 ex
457 1804 519 1853 iis
569 1803 862 1870 quendam,
913 1799 1262 1852 Atheniensis
1314 1802 1448 1851 scire
1498 1816 1637 1868 quae
1686 1809 1830 1850 recta

179 1891 378 1938 essent,
427 1882 522 1931 secl
573 1882 751 1931 facere
796 1880 958 1930 nolle.
998 1900 1011 1920 ⁴
1054 1879 1230 1928 Multa
1273 1879 1328 1928 in
1371 1887 1551 1929 nostro
1597 1878 1828 1946 collegio

184 1960 485 2025 praeclara,
517 1961 611 2009 sed
641 1943 838 2009 hoc“de
866 1975 971 2025 quo
1008 1958 1221 2025 agimus
1257 1957 1312 2006 in
1351 1958 1557 2023 primiS,
1586 1957 1747 2023 quod,
1777 1964 1833 2006 ut

181 2037 406 2103 quisque
459 2046 629 2087 aetate
682 2038 968 2094 antecedit,
1015 2034 1087 2085 ita
1138 2036 1430 2085 sententiae
1476 2033 1831 2100 principatum

181 2123 356 2171 tenet3
411 2132 584 2181 neque
635 2117 806 2165 solu-m
861 2116 1064 2164 honore
1115 2113 1571 2170 antecedentibus,
1624 2112 1719 2162 sed
1768 2111 1832 2161 iis

169 2193 342 2241 {etiam
385 2194 475 2259 qui
519 2210 639 2242 cum
691 2193 916 2258 imperio
965 2200 1105 2250 sunt,
1148 2191 1379 2258 majores
1428 2199 1558 2239 natu
1596 2206 1829 2256 augures

184 2280 596 2337 anteponuntur.
692 2270 850 2336 Qae
894 2279 1031 2331 sunt⁴
1060 2270 1222 2337 igitur
1259 2270 1558 2334 voluptates
1597 2268 1833 2333 corporis

170 2365 307 2398 -cum
354 2350 677 2399 auctoritatis
722 2350 977 2415 praemiis
1029 2345 1463 2414 comparandae?
1507 2346 1700 2412 quibus
1743 2345 1832 2411 qui

170 2428 464 2492 :splendide
508 2428 589 2477 usi
636 2436 774 2483 sunt,
822 2428 858 2476 ii
905 2427 1036 2476 mihi
1075 2427 1324 2476 videntur
1370 2424 1607 2473 fabulam
1648 2423 1832 2472 aetatis

173 2506 479 2571 peregisse,
510 2522 611 2555 nec
647 2514 920 2571 tamquam
959 2504 1294 2553 inexercitati
1339 2501 1620 2551 histriones
1658 2500 1713 2549 in
1740 2516 1834 2549 ex-
1884 2503 1891 2509 “

170 2592 351 2632 &tremo
379 2593 498 2632 actu
528 2584 816 2633 coni-uisse.

253 2675 323 2709 65,
364 2660 465 2709 ‘At
492 2669 612 2709 sunt
641 2660 832 2710 morosi
874 2669 924 2710 et
962 2659 1108 2709 anxii
1137 2667 1188 2708 et
1225 2657 1469 2708 iracundi
1506 2665 1557 2707 et
1591 2654 1833 2706 difficiles

173 2739 377 2788 ·senes.'
452 2738 511 2787 Si
551 2738 877 2803 quaerimus,
909 2738 1066 2786 etiam
1096 2736 1277 2786 avari:
1319 2736 1414 2786 sed
1452 2737 1589 2785 haec
1626 2749 1831 2783 morum

176 2816 312 2866 vitia
338 2824 479 2874 sunt,
508 2833 615 2865 non
643 2816 947 2865 senectutis.
1025 2813 1111 2863 Ac
1146 2814 1424 2863 morositas
1462 2821 1642 2862 tamen
1683 2817 1733 2860 et
1769 2825 1834 2858 ea

179 2895 311 2943 vitia
339 2911 476 2960 quae
512 2894 622 2943 dixi
663 2894 862 2942 habent
897 2892 1097 2959 aliquid
1137 2890 1517 2948 excusationis,
1547 2906 1655 2940 non
1693 2887 1833 2938 illius

184 2972 405 3038 quidem
445 2971 633 3029 iustae,
665 2970 758 3020 sed
785 2986 923 3037 quae
951 2968 1164 3035 probari
1204 2985 1361 3035 posse
1393 2968 1667 3017 videatur:
1707 2981 1834 3016 con-
