2046 3184
191 117 256 166 28
842 118 925 168 On
961 118 1070 168 Old
1090 117 1233 185 Age.
1559 116 1695 171 [CAT.
1719 119 1836 174 MAJ.

186 286 303 319 esse
343 287 502 320 nemo
535 278 722 335 potest.
801 271 1148 322 Moriendum
1181 272 1325 322 enirn
1364 281 1505 323 certe
1545 281 1642 332 est,
1671 282 1724 324 et
1759 274 1838 324 in-

185 357 387 397 certum
416 365 484 397 an
513 349 615 398 hoc
642 349 758 414 ipso
785 349 892 399 die.
970 350 1203 400 Mortem
1231 351 1394 418 igitur
1418 352 1666 402 omnibus
1693 353 1836 403 horis

87 491 90 494 Δ
181 428 564 493 inpendentem
591 429 784 479 timens
811 430 900 496 qui
928 431 1118 495 poterit
1156 433 1335 481 animo
1372 431 1696 482 consistere?
1766 447 1835 484 75.
1882 447 1885 451 ’

111 495 114 498 ’
182 505 266 554 De
293 523 398 572 qua
439 524 546 555 non
584 507 656 555 ita
695 508 860 574 longa
889 509 1247 573 disputatione
1285 526 1420 574 opus
1459 526 1577 559 esse
1602 510 1831 571 videtur,

181 599 302 631 cum
331 585 580 633 recorder
611 602 718 633 non
746 584 813 633 L.
846 574 1092 643 Brutum,
1123 587 1214 652 qui
1252 586 1306 635 in
1345 587 1624 638 liberanda
1661 590 1834 654 patria

180 669 257 710 est
293 661 635 719 interfectus3
677 680 784 711 non
824 664 958 712 duos
991 664 1210 722 Decios,
1240 665 1330 730 qui
1370 666 1437 714 ad
1475 666 1832 718 voluntariam

179 747 401 787 mortem
426 755 640 788 cursum
659 757 916 805 equorum
938 741 1293 791 incitaverunt
1312 759 1324 798 3
1353 760 1460 792 non
1476 742 1557 792 M.
1578 742 1828 804 Atilium,

176 816 265 881 qui
294 817 364 866 ad
391 817 717 882 supplicium
745 827 823 866 est
861 819 1150 883 profectus,
1181 828 1237 868 ut
1275 821 1436 870 fidem
1478 821 1614 871 hosti
1649 823 1830 872 datam

176 908 549 957 conservaret3
591 918 698 949 non
738 902 871 950 duos
911 901 1214 967 Scipiones,
1246 904 1335 969 qui
1374 905 1471 953 iter
1509 904 1705 955 Poenis
1742 906 1830 957 vel

176 985 486 1049 corporibus
524 986 633 1036 suis
671 987 947 1036 obstruere
973 989 1288 1045 voluerunt3
1331 1007 1437 1039 non
1478 1007 1640 1039 avum
1678 1001 1827 1042 tuurn

173 1062 240 1111 L.
298 1063 552 1121 Paulum,
605 1064 696 1130 qui
748 1074 917 1114 morte
969 1066 1098 1115 eluit
1148 1067 1393 1133 collegae
1443 1068 1498 1117 in
1549 1068 1827 1120 Cannensi

171 1140 472 1207 ignominia
523 1142 909 1200 temeritatem3
974 1161 1083 1192 non
1134 1144 1215 1193 M.
1271 1145 1620 1207 Marcellum,
1675 1147 1828 1198 cuius

170 1218 440 1268 interitum
467 1236 535 1268 ne
558 1221 960 1270 crudelissimus
982 1222 1200 1287 quidem
1230 1223 1396 1272 hostis
1420 1225 1621 1274 honore
1649 1226 1828 1290 sepul-

171 1305 319 1346 turae
359 1314 544 1347 carere
583 1294 775 1363 passus
815 1300 1116 1356 est,——sed
1153 1301 1397 1367 legiones
1424 1311 1651 1360 nostras,
1682 1304 1826 1369 quod

169 1375 357 1440 scripsi
402 1376 456 1424 in
503 1374 844 1442 Orzgz‘m'bm,
882 1377 938 1426 in
977 1394 1100 1426 eum
1140 1379 1317 1427 locum
1357 1397 1519 1445 saepe
1558 1381 1825 1446 profectas

169 1453 333 1502 alacri
375 1454 556 1503 animo
601 1463 651 1503 et
696 1464 891 1512 erecto,
941 1457 1085 1504 unde
1130 1473 1188 1505 se
1227 1457 1488 1507 redituras
1527 1475 1824 1526 numquam

161 1531 568 1588 arbitrarentur.
626 1531 789 1597 Qod
816 1533 978 1599 igitur
1006 1535 1518 1585 adulescentes—et
1543 1537 1576 1584 ii
1605 1530 1849 1603 quidem'

166 1626 271 1658 non
301 1611 472 1659 solum
512 1610 711 1659 indocti
751 1612 846 1660 sed
886 1612 1046 1660 etiam
1086 1613 1738 1673 rustici—contemnunt,
1767 1615 1824 1666 id

167 1687 306 1736 docti
333 1705 489 1737 senes
517 1688 903 1738 extimescent?
962 1703 1036 1738 76.
1080 1690 1336 1748 Omnino,
1366 1700 1421 1740 ut
1449 1692 1578 1740 mihi
1604 1693 1822 1758 quidem

165 1766 393 1824 videtur,
423 1783 603 1815 rerum
636 1767 876 1816 omnium
915 1768 1068 1816 satiet
1157 1769 1298 1817 vitae
1338 1769 1462 1818 facit
1500 1770 1816 1820 satietatem.

166 1843 304 1893 Sunt
330 1844 592 1909 pueritiae
620 1845 795 1894 studia
830 1854 1008 1894 certa:
1049 1863 1177 1894 num
1217 1846 1380 1913 igitur
1411 1864 1474 1896 ea
1514 1848 1822 1899 desiderant

165 1922 576 1972 adulescentes?
652 1922 791 1972 Sunt
827 1923 1059 1973 ineuntis
1101 1925 1533 1974 adulescentiae:
1586 1943 1714 1975 num
1754 1944 1820 1978 ea

165 2009 414 2050 constans
444 2001 552 2050 iam
581 2002 800 2067 requirit
827 2011 973 2051 aetas
1001 2019 1139 2068 quae
1169 2003 1345 2051 media
1373 2003 1599 2053 dicitur?
1679 2004 1820 2055 Sunt
1862 2037 1868 2042 -

164 2077 322 2127 etiam
351 2079 466 2128 eius
495 2080 715 2129 aetatis:
754 2096 822 2128 ne
851 2097 914 2129 ea
942 2081 1157 2146 quidem
1187 2091 1514 2146 quaeruntur
1551 2082 1604 2131 in
1633 2099 1818 2134 senec-

162 2165 289 2205 tute.
356 2155 496 2206 Sunt
522 2148 762 2206 extrema
785 2159 1053 2224 quaedam
1081 2159 1255 2207 studia
1283 2160 1588 2209 senectutis.
1643 2160 1812 2228 Ergo,

162 2243 218 2283 ut
257 2235 592 2299 superiorum
632 2245 863 2284 aetatum
910 2236 1084 2285 studia
1135 2237 1406 2294 occidunt,
1450 2237 1527 2286 sic
1564 2239 1817 2289 occidunt

163 2313 320 2361 etiam
349 2314 655 2362 senectutis.
716 2313 879 2376 Qod
907 2331 1029 2363 cum
1058 2315 1253 2372 evenit,
1279 2315 1495 2364 satietas
1517 2315 1655 2366 vitae
1682 2325 1816 2367 tem—

162 2407 261 2455 pus
290 2399 557 2439 maturum
586 2391 768 2440 mortis
797 2392 986 2441 adfert.

130 2474 194 2550 fs
231 2483 353 2516 XXI.
393 2481 463 2516 77.
514 2468 639 2517 Non
674 2469 817 2517 enim
845 2469 1001 2519 video
1038 2487 1134 2519 cur
1159 2470 1287 2535 quid
1327 2470 1441 2535 ipse
1481 2471 1706 2521 sentiam
1745 2472 1812 2522 de

162 2554 328 2594 morte
355 2563 462 2595 non
492 2546 723 2595 audeam
749 2547 900 2603 vobis
928 2548 1127 2603 dicere,
1158 2548 1301 2613 quod
1329 2565 1392 2597 eo
1425 2564 1643 2598 cernere
1682 2550 1812 2599 mihi

162 2624 351 2672 melius
379 2624 583 2680 videor,
615 2641 721 2689 quo
750 2625 817 2673 ab
846 2640 909 2673 ea
938 2626 1155 2689 propius
1185 2626 1394 2674 absum.
1462 2625 1582 2692 Ego
1608 2636 1813 2677 vestros

162 2709 357 2765 patres,
385 2710 440 2749 tu
481 2700 685 2766 Scipio,
715 2710 877 2767 tuque
903 2701 1082 2760 Laeli,
1110 2702 1254 2751 viros
1293 2703 1617 2753 clarissimos
1656 2705 1812 2753 mihi-

159 2795 262 2844 que
299 2778 702 2831 amicissbimos
739 2779 920 2828 vivere
959 2780 1202 2838 arbitror,
1233 2788 1284 2829 et
1322 2797 1442 2829 earn
1481 2782 1696 2847 quidem
1734 2782 1812 2831 vi-

156 2863 266 2907 tam
292 2873 431 2923 quae
460 2865 539 2906 est
577 2857 690 2906 sola
717 2856 823 2905 vita
851 2857 1201 2906 nominanda.
1279 2857 1445 2916 Nam,
1470 2859 1598 2907 dum
1625 2875 1810 2910 sumus

157 2934 348 2984 inclusi
401 2935 456 2983 in
509 2934 592 2984 his
638 2935 975 3002 conpagibus
1013 2935 1272 2999 corporis,
1314 2952 1537 2985 munere
1575 2937 1808 3002 quodam

155 3013 490 3062 necessitatis
541 3021 592 3061 et
643 3013 793 3079 gravi
845 3029 1007 3077 opere
1049 3013 1440 3080 perfungimur.
1524 3013 1621 3063 Est
1664 3015 1806 3064 enim
