2046 3184
197 86 233 142 6
714 96 734 128 s
824 89 908 142 On
943 90 1053 143 Old
1071 91 1217 162 Age.
1567 107 1702 163 [CAT.
1727 109 1843 162 MAJ.

194 246 471 296 thenaz'cus
502 245 805 295 inscribitur
831 254 1019 312 quarto
1046 254 1098 296 et
1123 247 1476 315 nonagesimo
1502 263 1644 298 anno
1683 249 1848 316 scrip-

198 324 330 373 sisse
381 340 437 373 se
477 323 622 380 dicit,
664 323 900 390 vixitque
951 324 1376 391 quinquennium
1426 333 1644 390 postea;
1695 327 1846 395 cujus

198 401 453 469 magister
478 400 776 450 Leontinus
805 401 1039 468 Gorgias
1066 411 1278 452 centum
1307 411 1357 451 et
1382 411 1587 467 septem
1615 407 1847 471 comple-

196 480 268 529 vit
291 496 478 529 annos.
506 495 679 545 neque
701 495 956 545 umquam
979 479 1032 528 in
1055 497 1150 529 suo
1174 480 1347 530 studio
1371 489 1528 547 atque
1551 499 1713 548 opere
1733 499 1848 533 ces-

197 558 351 608 savit.
432 556 563 621 Qi,
595 573 716 605 cum
745 572 813 605 ex
840 570 905 606 eo·
929 567 1271 623 quaereretur
1299 574 1392 607 cur
1419 567 1526 608 tam
1567 560 1658 610 diu
1685 562 1844 611 vellet

196 653 312 687 esse
330 636 384 684 in
402 636 529 693 vita,
563 644 575 665 ⁶
593 635 745 683 Nihil
773 635 946 685 habeo
964 635 976 654 ’
997 635 1166 702 inquit
1188 644 1200 666 ‘
1216 637 1358 703 quod
1376 654 1635 687 accusem
1663 655 1847 688 senec-

194 715 396 764 tutemss
468 727 533 762 14.
571 712 920 764 Praeclarum
958 730 1297 780 responsum,
1339 724 1390 765 et
1427 717 1583 766 docto
1627 716 1842 766 homine

195 793 440 860 dignum.
509 791 621 841 Sua
649 792 791 841 enim
812 792 938 841 vitia
966 792 1280 859 insipientes
1300 802 1351 842 et
1377 811 1528 843 suam
1541 795 1803 876 culpam'
1789 812 1843 844 1n

195 882 523 924 senectutem
551 872 862 929 conferunt3
904 874 1047 940 quod
1069 868 1177 925 non
1197 873 1460 924 faciebat
1447 891 1491 924 1s
1513 873 1663 925 cuius
1686 855 1844 963 modo

195 951 523 1002 mentionem
550 951 652 1001 feci
680 942 922 1002 Ennius:

385 1077 516 1122 Sicut
538 1076 677 1122 fortis
702 1092 866 1136 equus,
893 1078 1050 1137 spatio
1075 1079 1155 1137 qui
1180 1095 1324 1139 saepe
1349 1094 1572 1139 supremo

381 1148 510 1192 Vicit
534 1148 772 1207 Olympia,
798 1163 927 1194 nunc
950 1150 1086 1194 senio
1110 1151 1356 1196 confectus
1382 1151 1597 1209 quiescit.

196 1263 334 1331 Equi
357 1263 504 1314 sortis
527 1271 577 1313 et
596 1263 810 1315 victoris
838 1266 1096 1315 senectuti
1125 1259 1401 1332 comparat
1427 1283 1599 1317 suam.
1666 1265 1846 1332 Qem

195 1343 410 1409 quidem
439 1343 604 1408 probe
633 1343 940 1393 meminisse
967 1345 1200 1409 potestis.
1276 1344 1439 1395 Anno
1461 1345 1602 1394 enim
1623 1343 1846 1394 undevi-

196 1421 396 1471 cesimo
435 1430 553 1486 post
580 1421 694 1470 eius
722 1430 945 1471 mortem
975 1422 1029 1486 hj
1057 1424 1304 1473 consules
1330 1423 1399 1472 T.
1431 1423 1766 1472 Flamininus
1794 1431 1845 1472 et

195 1501 290 1550 Μ’.
313 1500 522 1550 Acilius
549 1501 673 1550 facti
701 1511 855 1559 sunt3
898 1502 988 1552 ille
1017 1512 1195 1552 autem
1218 1503 1494 1569 Caepione
1518 1512 1569 1553 et
1594 1499 1846 1571 Philippo

195 1579 385 1629 iterum
425 1580 734 1629 consulibus
774 1589 1015 1631 mortuus
1055 1590 1164 1631 est:
1218 1598 1337 1631 cum
1379 1598 1483 1649 ego
1521 1577 1756 1648 quinque
1787 1572 1847 1630 xet

197 1658 479 1725 sexaginta
503 1675 690 1722 ,annos
729 1667 885 1708 natus
923 1660 1102 1727 legem
1134 1659 1435 1710 Voconiam
1475 1675 1677 1727 magna
1714 1675 1845 1709 voce

197 1746 247 1787 et
262 1737 416 1786 bonis
438 1737 690 1786 lateribus
713 1738 1021 1787 suasissem.
1095 1737 1647 1806 Annos-septuaginta
1666 1745 1842 1795 natus,

196 1846 262 1853 —-
280 1824 353 1865 tot
370 1815 510 1864 enim
533 1814 663 1864 vixit
681 1814 910 1874 Ennius,
929 1816 1087 1866 —ita
1106 1817 1310 1866 serebat
1330 1817 1435 1866 duo
1452 1833 1589 1883 quae
1608 1815 1845 1865 maxima

197 1903 448 1960 putantur
473 1910 637 1943 onera
666 1902 1032 1960 paupertatem
1056 1902 1106 1944 et
1127 1903 1473 1952 senectutem,
1497 1902 1555 1943 ut
1575 1894 1650 1944 eis
1672 1910 1844 1959 paene

198 1972 450 2022 delectari
488 1973 774 2021 videretur.
850 1967 934 2022 15.u
953 1972 1187 2030 Etenim,
1219 1989 1339 2022 cum
1373 1973 1697 2038 complector
1735 1971 1848 2021 ani-

200 2064 305 2108 mo,
335 2059 583 2117 quattuor
610 2051 816 2117 reperio
844 2068 1037 2101 causas
1066 2068 1159 2100 cur
1191 2059 1436 2101 senectus
1472 2051 1666 2100 misera
1699 2050 1847 2100 vide-

199 2138 346 2179 atur:
387 2147 571 2187 unam,
601 2131 743 2196 quod
780 2136 968 2180 avocet
1006 2147 1036 2179 a
1076 2130 1235 2179 rebus
1274 2129 1559 2196 gerendis3
1601 2129 1844 2186 alteram,
1888 2193 1894 2198 Ι

199 2209 341 2274 quod
392 2225 585 2273 corpus
636 2209 796 2258 faciat
845 2208 1140 2266 i'nfirmius3
1204 2209 1433 2265 tertiam,
1487 2207 1628 2274 quod
1679 2206 1848 2272 privet

198 2286 445 2336 omnibus
467 2286 575 2335 fere
597 2287 989 2352 voluptatibus3
1030 2295 1296 2353 quartam,
1320 2286 1463 2353 quod
1491 2285 1635 2334 haud
1661 2285 1847 2350 procul
1870 2289 1873 2291 ’

200 2364 336 2413 absit
386 2380 416 2412 a
468 2373 650 2413 morte.
727 2364 949 2434 Earum,
992 2365 1036 2415 si
1088 2365 1284 2431 placet,
1329 2380 1611 2413 causarum
1650 2371 1849 2429 quanta

199 2458 468 2508 quamque
508 2442 572 2491 sit
611 2442 747 2491 iusta
785 2459 893 2492 una
932 2459 1177 2509 quaeque
1218 2436 1559 2492 videamus.u

269 2535 349 2568 VI.
408 2527 419 2549 ‘
442 2519 495 2568 A
543 2521 702 2570 rebus
753 2521 1006 2588 gerendis
1058 2529 1305 2570 senectus
1346 2518 1620 2569 abstrahit.
1628 2518 1640 2540 ⁹
1715 2517 1850 2585 Qi-

198 2596 334 2646 bus?
397 2596 520 2645 An
507 2597 571 2646 1is
594 2614 731 2663 quae
760 2598 1029 2647 iuventute
1052 2607 1311 2665 geruntur
1332 2606 1382 2647 et
1403 2595 1639 2646 viribus?
1713 2595 1768 2645 N
1773 2595 1850 2644 ul-

201 2675 357 2723 laene
384 2674 545 2741 igitur
565 2692 649 2724 res
672 2685 793 2724 sunt
814 2676 1008 2725 seniles
1029 2692 1167 2742 quae
1188 2677 1273 2725 vel
1295 2675 1518 2725 infirmis
1540 2673 1850 2740 corporibus

203 2753 381 2801 animo
421 2762 599 2801 tamen
640 2753 1108 2803 administrentur?
1183 2753 1335 2803 Nihil
1375 2770 1506 2820 ergo
1546 2752 1742 2820 agebat
1774 2749 1858 2816 Q

203 2829 516 2878 Maximus?
592 2830 743 2879 Nihil
777 2830 844 2879 L.
876 2830 1099 2889 Paulus,
1130 2840 1281 2896 pater
1306 2840 1447 2888 tuus,
1478 2847 1631 2881 socer
1667 2829 1852 2895 optimi

202 2907 322 2965 viri,
367 2908 441 2956 fili
484 2906 622 2956 mei?
698 2907 877 2957 Ceteri
920 2925 1094 2966 senes,
1141 2909 1394 2966 Fabricii,
1433 2908 1604 2966 Curii,
1644 2907 1854 2958 Corun-

205 2985 365 3043 canii,
397 3001 520 3034 cum
547 3001 661 3034 rem
688 2985 961 3051 publicam
989 2986 1212 3036 consilio
1239 2994 1288 3035 et
1323 2986 1631 3036 auctoritate
1669 2985 1853 3036 defen-
