2046 3184
222 152 322 183 vm.
347 142 432 197 25.]
562 126 621 175 Is
647 126 734 175 tlte
759 125 927 174 Msml
949 124 1238 174 weakened
1260 93 1324 190 by
1350 123 1474 190 Age
1491 123 1524 175 ‚9
1827 142 1861 194 9

223 280 455 331 studium
497 296 618 329 cum
657 295 769 327 rem
809 278 1102 344 neglegere
1140 277 1461 326 familiarem
1499 277 1786 336 videretur,
1831 295 1861 328 a

219 358 342 407 filiis
369 358 422 406 in
450 356 706 406 iudicium
732 364 951 404 vocatus
979 363 1057 404 est
1081 363 1156 412 ut,
1187 371 1346 420 quem
1376 354 1443 403 ad
1483 355 1699 404 modum
1740 373 1863 405 nos-

218 443 298 484 tro
327 452 473 484 more
502 434 640 482 male
667 449 777 481 rem
808 433 1114 499 gerentibus
1153 431 1389 496 patribus
1428 432 1581 481 bonis
1619 432 1860 482 interdici

219 513 371 568 solet,
397 513 476 561 sic
503 512 650 559 illum
678 510 830 576 quasi
859 510 1207 574 desipientem
1237 525 1266 558 a
1293 525 1348 558 re
1376 509 1625 558 familiari
1653 527 1862 560 remov-

219 598 367 638 erent
394 589 609 638 iudices.
685 587 829 636 Tum
856 603 1023 637 senex
1049 587 1239 642 dicitur
1264 603 1384 636 eam
1422 587 1659 636 fabulam
1699 604 1860 653 quam

218 665 272 714 in
315 667 562 715 manibus
603 666 835 714 habebat
873 673 924 713 et
965 665 1205 729 proxime
1247 665 1549 729 scripserat,
1592 664 1857 731 Oedr'pzcm

227 743 534 802 Coloneum,
570 744 820 791 recitasse
856 742 1138 800 iudicibus,
1168 742 1547 808 quaesisseque
1575 759 1701 790 num
1730 743 1860 792 illud

218 837 436 870 carmen
487 820 795 885 desipientis
834 820 1132 868 videretur:
1185 837 1289 885 quo
1334 820 1550 869 recitato
1589 821 1860 870 sententiis

235 898 471 948 iudicum
523 907 601 947 est
651 898 922 946 liberatus.
999 910 1072 945 23.
1110 897 1258 946 Num
1308 897 1469 964 igitur
1519 898 1682 954 hunc,
1731 915 1859 946 num

223 975 542 1033 Homerum,
608 992 736 1024 num
804 974 1124 1032 Hesiodum,
1179 974 1534 1032 Simonidem,
1589 974 1861 1024 Stesicho-

219 1070 358 1110 rum,
407 1070 536 1102 num
580 1069 713 1119 quos
753 1061 873 1100 ante
913 1051 1044 1109 dixi,
1089 1051 1379 1109 Isocraten,
1423 1052 1689 1119 Gorgian,
1732 1069 1860 1101 num

220 1131 659 1195 philosophorum
707 1129 996 1195 principes,
1037 1129 1425 1196 Pythagoram,
1469 1129 1856 1187 Democritum,

220 1225 349 1257 num
388 1207 689 1264 Platonem,
731 1224 858 1255 num
899 1206 1261 1264 Xenocraten,
1297 1224 1426 1255 num
1465 1216 1648 1272 postea
1687 1207 1863 1256 Zeno-

219 1303 366 1343 nem,
413 1285 753 1342 Cleanthem,
802 1293 892 1333 aut
936 1301 1058 1332 eum
1109 1301 1268 1350 quem
1313 1301 1408 1333 vos
1453 1284 1610 1333 etiam
1655 1284 1859 1334 vidistis

220 1363 451 1420 Romae,
483 1362 783 1429 Diogenem
815 1361 1074 1418 Stoicum,
1105 1361 1282 1428 coegit
1306 1361 1362 1410 in
1398 1361 1506 1411 suis
1546 1362 1730 1411 studiis
1768 1362 1861 1411 ob-

221 1441 502 1493 mutiscere
564 1438 846 1490 senectus?
909 1456 977 1488 an
1032 1439 1086 1487 in
1136 1439 1383 1488 omnibus
1434 1439 1517 1488 his
1567 1439 1858 1489 studiorum

221 1518 441 1586 agitatio
478 1518 617 1566 vitae
657 1517 897 1583 aequalis
936 1515 1066 1565 fuit?

218 1605 256 1648 “e
288 1606 362 1642 24.
398 1594 544 1661 Age,
591 1604 647 1644 ut
691 1595 790 1643 ista
834 1594 1014 1643 divina
1059 1593 1231 1643 studia
1274 1593 1600 1652 omittamus,
1642 1611 1857 1660 possum

220 1673 497 1722 nominare
536 1689 604 1721 ex
644 1680 774 1738 agro
813 1670 1016 1721 Sabino
1054 1671 1276 1720 rusticos
1318 1671 1617 1729 Romanos,
1658 1672 1924 1729 vicinos

220 1760 272 1800 et
311 1750 587 1799 familiaris
631 1765 796 1806 meos,
832 1749 1047 1815 quibusA
1066 1748 1374 1798 absentibus
1417 1765 1708 1814 numquam
1751 1750 1861 1798 fere

220 1829 330 1878 ulla
357 1829 418 1877 in'
440 1844 570 1895 agro
595 1827 795 1894 majora
823 1843 986 1891 opera
1014 1827 1164 1883 fiunt,
1190 1843 1295 1875 non
1325 1826 1586 1884 serendis,
1610 1843 1715 1875 non
1744 1843 1863 1891 per-

221 1906 501 1971 cipiendis,
526 1922 632 1954 non
660 1904 953 1954 condendis
981 1904 1256 1952 fructibus.
1324 1902 1671 1969 Qamquam
1698 1903 1751 1952 in
1781 1904 1862 1953 his

222 1983 396 2032 minus
425 1984 526 2032 hoc
553 1983 743 2030 mirum
774 1990 882 2038 est3
905 1971 1083 2030 ‘nemo
1122 1981 1265 2030 enim
1305 1989 1383 2030 est
1418 1989 1525 2029 tam
1566 1997 1733 2030 senex
1771 1982 1862 2047 qui

221 2078 277 2111 se
320 2077 520 2110 annum
563 2077 669 2109 non
714 2068 859 2124 putet
902 2076 1058 2124 posse
1098 2059 1311 2107 vivere:
1364 2059 1459 2107 sed
1499 2058 1641 2108 idem
1687 2059 1740 2107 in
1786 2061 1861 2108 eis

221 2140 496 2188 elaborant
523 2154 658 2203 quae
687 2137 860 2186 sciunt
886 2137 1017 2184 nihil
1046 2137 1112 2185 ad
1140 2152 1196 2185 se
1223 2135 1442 2185 omnino
1469 2136 1765 2200 pertinere:

505 2228 628 2274 Serit
653 2228 845 2272 arbores
870 2242 991 2285 quae
1017 2227 1153 2272 alteri
1177 2227 1336 2271 saeclo
1359 2227 1559 2285 prosint,

219 2323 276 2363 ut
304 2314 374 2363 ait
401 2313 600 2364 Statius
627 2322 804 2362 noster
830 2313 884 2361 in
912 2309 1256 2377 Synephebis.
1342 2324 1415 2361 25.
1466 2311 1585 2361 Nec
1612 2328 1738 2361 vero
1766 2313 1860 2361 du-

220 2393 350 2441 bitat
377 2392 634 2458 agricola,
665 2390 906 2456 quamvis
940 2390 1005 2440 sit
1042 2407 1228 2446 senex,
1258 2390 1533 2455 quaerenti
1574 2389 1659 2438 cui
1698 2401 1855 2447 serat,

221 2471 576 2534 respondere:
630 2468 727 2517 Dis
766 2468 1171 2525 immortalibus,
1214 2467 1303 2533 qui
1345 2484 1428 2515 me
1468 2483 1574 2515 non
1615 2467 1859 2530 accipere

222 2548 378 2595 modo
419 2546 553 2595 haec
593 2563 623 2594 a
662 2546 948 2613 majoribus
976 2547 1273 2602 voluerunt,
1305 2545 1398 2593 sed
1438 2543 1596 2592 etiam
1637 2545 1858 2608 posteris
1912 2580 1925 2593 .

221 2625 463 2688 prodere.

203 2731 238 2758 V
290 2716 412 2749 vm.
457 2700 524 2750 Et
575 2701 764 2750 melius
815 2699 1085 2750 Caecilius
1136 2700 1200 2749 de
1252 2716 1377 2749 sene
1430 2698 1578 2748 alteri
1642 2698 1858 2748 saeculo
1927 2741 1931 2745 .

220 2778 574 2844 prospiciente
613 2795 774 2852 quam
814 2778 944 2827 illud
982 2778 1158 2827 idem:

410 2863 594 2926 Edepo‘l
621 2875 856 2923 senectus,
882 2862 922 2912 si
946 2867 1011 2911 nil
1037 2867 1290 2925 quicquam
1315 2866 1444 2912 aliud
1467 2866 1552 2911 viti

410 2937 651 2995 Adportes
675 2945 846 2991 tecum,
871 2952 976 2981 cum
1002 2935 1212 2991 advenis,
1237 2951 1383 2979 unum
1408 2934 1455 2980 1‘d
1480 2943 1554 2980 sat
1577 2942 1664 2991 est,

406 3006 550 3061 Quod
573 3002 654 3051 diu
676 3006 879 3050 vivendo
903 3005 1053 3050 multa
1075 3019 1196 3063 quae
1220 3020 1317 3049 non
1339 3000 1438 3049 volt
1462 3005 1604 3049 videt.
