2046 3184
193 124 287 156 xlx·
309 113 397 169 68.]
530 112 584 163 T
573 113 639 163 be
674 112 838 163 Νέαν
873 111 1174 179 Approaclz
1214 112 1286 178 of
1308 111 1534 174 Deatlz„
1746 93 1794 161 ἱ2
1801 123 1830 178 5

123 263 125 266 ’
191 267 355 317 temni
395 283 452 316 se
491 274 694 332 putant,
738 265 960 331 despici,
1001 265 1201 322 inludi;
1247 274 1522 330 praeterea
1560 266 1615 314 in
1654 264 1833 332 fragili

192 361 412 410 corpore
438 344 623 393 odiosa
649 344 822 392 omnis
848 343 1071 392 offensio
1098 351 1195 392 est.
1263 342 1420 409 Qae
1447 352 1626 399 tamen
1654 343 1834 392 omnia

191 423 428 476 dulciora
455 422 587 471 fiunt
612 429 664 470 et
702 420 936 469 moribus
963 420 1115 469 bonis
1155 428 1205 469 et
1243 421 1472 475 artibus3
1513 420 1671 485 idque
1710 436 1832 469 curn

192 500 246 549 in
281 501 385 548 vita
418 509 526 548 tum
559 499 612 547 in
654 514 850 547 scaena
886 497 1125 564 intellegi
1166 505 1335 562 potest
1360 514 1429 545 ex
1462 497 1525 545 iis
1561 497 1846 556 fratribus,

190 577 378 644 quiin
423 575 687 643 Adelphis
733 583 873 624 sunt.
970 573 1189 638 Qanta
1232 575 1287 623 in
1332 575 1497 623 altero
1536 574 1737 633 diruas,
1779 575 1832 624 in

191 656 356 704 altero
383 653 634 704 comitas!
711 652 804 703 Sic
830 668 886 701 se
914 668 998 701 res
1025 653 1216 701 habet:
1255 660 1312 700 ut
1348 652 1490 700 enim
1529 669 1635 700 non
1673 669 1832 702 omne

189 731 395 789 vinum,
420 732 496 781 sic
522 748 628 780 non
654 730 827 780 omnis
856 738 1001 778 aetas
1031 737 1236 778 matura
1262 738 1519 790 vetustate
1545 730 1826 779 coacescit.

191 808 538 860 Severitatem
575 809 629 857 in
666 815 935 857 senectute
976 807 1163 872 pr0b0,
1200 806 1294 856 sed
1334 822 1453 855 eam
1492 807 1656 874 (sicut
1691 807 1825 872 alia)

1950 356 1955 361 ι
1960 329 1991 357 ἣῡὶγ
2038 357 2040 360 .

1892 365 1919 393 γ
1940 362 1967 387 2¹
2032 363 2037 365 ’

1853 404 1904 464 ,μς

192 886 489 943 modicam3
543 887 884 935 acerbitatem
936 885 1083 934 nullo
1135 885 1312 934 modo.
1413 882 1655 933 Avaritia
1704 902 1830 934 vero
1893 931 1895 934 .

190 964 372 1014 senilis
398 964 524 1030 quid
551 964 649 1013 sibi
681 964 807 1012 velit
832 979 938 1012 non
977 962 1251 1028 intellego.
1309 961 1488 1011 Potest
1514 962 1654 1011 enim
1683 963 1830 1028 quic-

189 1058 349 1109 quam
389 1058 506 1091 esse
546 1041 846 1098 absurdius,
875 1057 1036 1107 quam
1063 1057 1168 1107 quo
1196 1040 1315 1090 viae
1357 1040 1532 1090 minus
1569 1049 1728 1090 restet
1766 1057 1830 1091 eo

189 1120 309 1185 plus
347 1119 525 1168 viatici
564 1118 857 1184 quaerere?

216 1180 378 1262 (iux.
420 1209 492 1244 66.
555 1195 760 1261 Qarta
787 1204 947 1246 restat
972 1212 1157 1253 causa,
1187 1213 1326 1263 quae
1365 1196 1599 1246 maxime
1626 1213 1828 1265 angere

130 1260 141 1272 ⁸
188 1282 345 1341 atque
384 1273 661 1324 sollicitam
702 1275 899 1323 habere
938 1283 1173 1323 nostram
1213 1282 1439 1324 aetatem
1478 1275 1705 1333 videtur,
1737 1275 1828 1325 ad-

187 1351 559 1418 propinquatio
587 1351 786 1408 mortis,
817 1368 954 1417 quae
983 1361 1124 1401 certe
1160 1368 1190 1401 a
1229 1361 1497 1402 senectute
1525 1370 1631 1402 non
1659 1361 1828 1418 potest

186 1446 304 1479 esse
343 1429 522 1495 longe.
601 1428 650 1478 O
680 1429 928 1478 miserum
969 1446 1173 1489 senem,
1203 1430 1293 1496 qui
1334 1439 1554 1480 mortem
1593 1439 1829 1480 contem-

185 1507 418 1556 nendam
458 1523 574 1555 esse
612 1506 665 1555 in
703 1515 811 1555 tam
851 1507 1014 1574 longa
1062 1516 1232 1556 aetate
1271 1525 1377 1556 non
1414 1507 1636 1557 viderit!
1688 1525 1826 1574 quae

188 1593 277 1634 aut
315 1584 473 1649 plane
513 1584 855 1651 neglegenda
894 1593 988 1641 est,
1030 1584 1072 1634 si
1117 1585 1335 1634 omnino
1386 1585 1676 1652 exstinguit
1715 1585 1827 1634 ani-

186 1679 352 1719 mum,
383 1671 472 1710 aut
497 1661 655 1710 etiam
682 1662 935 1727 optanda,
965 1662 1009 1711 si
1037 1662 1214 1728 aliquo
1241 1679 1363 1711 eum
1389 1663 1605 1712 deducit
1633 1663 1724 1712 ubi
1757 1653 1826 1713 xsit

185 1739 390 1789 futurus
430 1747 692 1788 aeternus,
787 1739 953 1806 Atqui
1002 1727 1211 1789 te'Ftium
1251 1749 1391 1789 certe
1430 1726 1562 1789 nihil
1600 1740 1823 1789 inveniri

186 1825 372 1882 potest.
449 1831 519 1866 67.
571 1816 718 1882 Qid
745 1817 906 1883 igitur
931 1818 1168 1875 timeam,
1199 1817 1242 1867 si
1275 1826 1365 1866 aut
1390 1835 1495 1867 non
1523 1818 1684 1867 miser
1710 1827 1826 1883 post

186 1903 407 1944 mortem
447 1904 535 1944 aut
571 1895 757 1944 beatus
796 1895 954 1943 etiam
993 1895 1198 1944 futurus
1237 1894 1390 1945 sum?
1477 1894 1823 1961 Qamquam

184 1972 302 2038 quis
342 1981 419 2021 est
456 1982 562 2021 tam
603 1973 811 2030 stultus,
852 1972 1098 2038 quamvis
1149 1973 1215 2021 sit
1259 1973 1594 2030 adulescens,
1638 1973 1722 2021 cui
1763 1973 1825 2022 sit

186 2050 518 2114 exploratum
570 2066 626 2098 se
678 2050 746 2098 ad
795 2066 1081 2114 vesperum
1131 2067 1248 2098 esse
1298 2049 1629 2113 victurum?
1676 2049 1824 2114 Qin

187 2128 344 2176 etiam
374 2136 517 2176 aetas
544 2127 634 2175 illa
666 2128 826 2176 multo
855 2127 1020 2191 pluris
1059 2144 1219 2192 quam
1253 2136 1431 2176 nostra
1459 2119 1615 2176 ca‘sus
1643 2127 1823 2177 mortis

187 2205 376 2253 habet:
417 2204 623 2254 facilius
663 2205 715 2252 in
745 2205 955 2253 morbos
994 2205 1233 2253 incidunt
1260 2205 1659 2260 adulescentes3
1701 2221 1824 2270 gra-

185 2282 301 2331 vius
330 2291 638 2348 aegrotant3
666 2282 861 2330 tristius
884 2290 1154 2330 curantur.
1209 2282 1394 2347 Itaque
1421 2284 1578 2348 pauci
1606 2283 1824 2332 veniunt

187 2359 255 2407 ad
282 2367 625 2408 senectutem.
705 2358 867 2424 Qod
895 2359 948 2407 ni
975 2359 1044 2407 ita
1072 2359 1354 2416 accideret,
1387 2359 1576 2408 melius
1615 2369 1664 2422 et
1702 2377 1823 2424 pru-

186 2436 394 2485 dentius
420 2436 715 2484 viveretur:
758 2453 908 2485 mens
936 2437 1078 2485 enirn
1117 2445 1168 2485 et
1205 2437 1336 2485 ratio
1364 2445 1414 2485 et
1452 2437 1729 2485 consilium
1768 2438 1821 2486 in

186 2513 401 2562 senibus
439 2521 536 2570 est,
566 2513 655 2579 qui
695 2515 738 2562 si
779 2515 908 2561 nulli
949 2515 1189 2572 fuissent,
1225 2514 1402 2563 nullae
1441 2514 1657 2563 omnino
1697 2516 1819 2562 civi-

185 2598 316 2639 tates
356 2590 594 2639 fuissent.
685 2590 794 2640 Sed
836 2592 996 2640 redeo
1035 2592 1103 2641 ad
1142 2600 1364 2641 mortem
1402 2592 1818 2656 impendentem.

189 2665 350 2732 Qod
390 2675 467 2716 est
504 2668 642 2717 istud
682 2669 883 2717 crimen
924 2669 1225 2727 senectutis,
1263 2686 1383 2718 cum
1423 2669 1477 2718 id
1516 2669 1563 2718 ei
1601 2669 1823 2720 videatis

186 2761 305 2792 cum
336 2745 698 2795 adulescentia
725 2763 842 2795 esse
869 2746 1187 2797 commune?

253 2836 326 2871 68.
382 2821 539 2884 Sensi
579 2840 682 2890 ego
720 2823 774 2872 in
813 2825 1011 2889 optimo
1050 2825 1178 2882 filio,
1212 2834 1267 2874 tu
1305 2825 1358 2874 in
1398 2825 1716 2890 exspectatis
1756 2826 1823 2875 ad

191 2905 577 2969 amplissimam
640 2906 952 2973 dignitatem
1014 2907 1282 2966 fratribus,
1336 2908 1537 2974 Scipio,
1603 2918 1823 2958 mortem

188 2983 330 3031 omni
371 2984 525 3032 aetati
566 3000 682 3033 esse
721 3000 1078 3035 communem.
1161 2994 1173 3016 ‘
1197 2985 1270 3035 At
1308 2995 1484 3052 sperat
1509 2987 1822 3036 adulescens
