2046 3184
1084 0 1422 118 ww*

225 136 339 166 xxn.
361 126 447 179 79.]
657 125 1021 190 Immortalz‘ty
1059 125 1132 190 os
1153 124 1239 173 tlte
1276 122 1429 173 Saul.
1795 135 1859 187 29

214 280 438 329 >animus
495 279 737 329 caelestis
793 294 862 327 ex
918 277 1173 327 altissimo
1228 276 1496 327 domicilio
1552 275 1857 339 depressuS‚

228 366 278 408 et
314 357 467 423 quasi
510 357 785 406 demersus
822 355 876 405 in
914 363 1130 412 terram,
1173 356 1346 404 locum
1384 354 1594 402 divinae
1641 362 1860 399 naturae

229 434 628 499 aeternitatique
679 432 1018 482 contrarium.
1121 431 1231 481 Sed
1283 432 1441 480 credo
1487 432 1614 479 deos
1666 430 1862 477 inmor-

226 512 346 561 talis
374 511 628 575 sparsisse
652 513 856 559 animos
883 510 937 557 in
963 525 1186 574 corpora
1216 510 1470 565 humana,
1495 517 1549 556 ut
1576 515 1752 556 essent
1772 506 1860 571 qui

226 598 392 638 terras
432 598 720 644 tuerentur,
761 587 957 652 quique
997 586 1302 635 caelestium
1347 586 1587 635 ordinem
1628 594 1882 633 contem··

227 667 434 732 plantes
473 666 800 713 imitarentur
826 682 947 713 eum
975 665 1112 713 vitae
1155 665 1309 713 modo
1350 674 1504 728 atque
1545 662 1856 711 constantia.

227 744 346 794 Nec
389 761 471 792 me
513 744 684 792 solum
723 743 855 791 ratio
897 758 960 791 ac
999 742 1282 806 disputatio
1326 741 1512 805 inpulit
1550 749 1605 788 ut
1642 740 1711 787 ita
1751 756 1862 788 cre-

226 824 428 879 derem,
460 821 553 870 secl
581 813 826 869 nobilitas
859 819 1016 867 etiam
1056 836 1381 867 summorum
1424 818 1859 882 philosophorum

226 910 279 951 et
327 899 628 949 auctoritas.
721 909 791 946 78.
840 897 1145 946 Audiebam
1186 895 1551 962 Pythagoram
1590 894 1863 960 Pythago-

227 995 470 1044 reosque,
495 977 697 1026 incolas
726 991 894 1040 paene
923 982 1147 1030 nostros,
1177 974 1267 1039 qui
1295 981 1470 1021 essent
1497 972 1665 1020 Italici
1693 972 1863 1036 philo·

227 1057 381 1122 sophi
421 1055 690 1121 quondam
719 1051 994 1107 nominati,
1025 1067 1315 1116 numquam
1344 1051 1613 1099 dubitasse
1641 1049 1768 1115 quin
1796 1066 1863 1098 ex

227 1136 476 1184 universa
521 1141 696 1181 mente
742 1130 921 1180 divina
966 1129 1225 1178 delibatos
1273 1128 1478 1176 animos
1526 1128 1860 1192 haberemus.

229 1212 744 1262 Demonstrabantur
772 1207 900 1256 mihi
939 1215 1211 1271 praeterea
1239 1222 1374 1271 quae
1404 1204 1652 1253 Socrates
1681 1221 1865 1268 supre-

230 1308 316 1341 mo
354 1291 490 1339 vitae
527 1289 612 1338 die
645 1288 712 1337 de
751 1284 1123 1335 inmortalitate
1164 1283 1459 1331 animorum
1507 1282 1859 1338 disseruisset,

228 1369 273 1418 is
310 1369 399 1435 qui
439 1375 577 1417 esset
613 1365 850 1416 omnium
890 1361 1312 1427 sapientissimus
1341 1359 1607 1424 Apollinis
1645 1359 1864 1408 oraculo

230 1448 511 1496 iudicatus.
567 1442 715 1508 Qid
743 1440 940 1490 multa?
976 1504 978 1507 Ι
1003 1439 1095 1489 Sic
1122 1438 1251 1487 mihi
1281 1439 1540 1503 persuasi,
1571 1439 1648 1486 sic
1674 1437 1861 1495 sentio,

230 1542 352 1575 cum
401 1532 546 1572 tanta
601 1520 842 1570 celeritas
905 1519 1201 1567 animorum
1265 1517 1348 1572 sit,
1402 1525 1545 1564 tanta
1611 1515 1866 1565 memoria

231 1603 629 1670 praeteritorum
665 1600 1063 1663 futurorumque
1092 1596 1390 1662 prudentia,
1422 1604 1493 1645 tot
1532 1605 1688 1654 artes,
1725 1596 1868 1663 [tan-

229 1692 314 1731 tae
366 1678 668 1744 scientiae‚]
715 1686 788 1727 tot
831 1676 1063 1732 inventa,
1105 1692 1210 1725 non
1257 1692 1411 1740 posse
1458 1692 1574 1724 eam
1622 1684 1866 1724 naturam

230 1775 368 1826 quae
406 1775 490 1807 res
529 1773 619 1806 eas
658 1754 922 1805 contineat
957 1770 1073 1802 esse
1114 1755 1421 1802 mortalem:
1463 1770 1691 1819 cumque
1730 1769 1868 1803 sem-

231 1854 326 1902 per
370 1836 598 1903 agitetur
641 1833 870 1890 animus,
895 1822 1016 1911 (nec
1068 1831 1386 1897 principium
1428 1841 1599 1881 motus
1651 1832 1865 1888 habeat,

231 1916 355 1982 quia
391 1931 445 1964 se
485 1914 599 1978 ipse
635 1919 862 1969 moveat,
893 1926 959 1959 ne
987 1910 1147 1959 finem
1176 1911 1392 1976 quidem
1421 1909 1724 1958 habiturum
1751 1923 1868 1958 esse

146 1992 171 2020 ’·
233 2002 423 2049 motus,
465 1991 589 2057 quia
627 2004 919 2054 numquam
960 2005 1016 2037 se
1056 1988 1169 2053 ipse
1208 1988 1274 2036 sit
1311 1987 1618 2043 relicturus3
1659 1994 1710 2035 et
1747 2001 1870 2035 cum

232 2070 459 2135 simplex
488 2067 650 2116 animi
689 2075 877 2115 natura
918 2075 1073 2122 esset,
1105 2082 1277 2131 neque
1310 2065 1530 2114 haberet
1561 2065 1612 2112 in
1641 2081 1697 2113 se
1724 2063 1871 2129 quic-

231 2165 392 2215 quam
421 2146 719 2195 admixtum
746 2144 927 2208 dispar
959 2144 1038 2193 sui
1079 2152 1235 2209 atque
1262 2142 1538 2199 dissimile,
1569 2158 1675 2190 non
1715 2156 1870 2205 posse

233 2243 355 2276 eum
381 2224 579 2281 dividi,
622 2223 764 2289 quod
809 2222 852 2271 si
897 2239 1004 2270 non
1050 2221 1232 2286 possit,
1275 2237 1381 2269 non
1427 2235 1583 2284 posse
1623 2218 1868 2267 interire:

235 2319 539 2370 magnoque
590 2317 707 2350 esse
759 2307 1076 2367 argumento
1126 2297 1369 2347 homines
1431 2297 1565 2346 scire
1617 2297 1871 2361 pleraque

235 2391 356 2431 ante
395 2396 555 2446 quam
595 2378 704 2428 nati
743 2378 865 2435 sint,
895 2377 1038 2443 quod
1076 2376 1183 2424 iam
1224 2375 1393 2440 pueri,
1424 2391 1546 2423 cum
1586 2374 1709 2422 artis
1737 2373 1873 2422 diffi-

236 2460 352 2509 cilis
390 2459 616 2514 discant,
646 2457 716 2505 ita
755 2455 999 2524 celeriter
1033 2471 1117 2502 res
1155 2452 1557 2501 innumerabilis
1586 2451 1869 2516 adripiant‚

235 2547 292 2586 ut
330 2554 420 2585 eas
459 2553 565 2585 non
603 2543 712 2583 tum
756 2533 985 2597 primurn
1032 2530 1275 2595 accipere
1317 2530 1614 2586 videantur,
1660 2529 1754 2577 sed
1793 2545 1873 2577 re-

238 2613 447 2664 minisci
474 2622 525 2663 et
549 2610 835 2661 recordari.
915 2608 1069 2657 Haec
1093 2607 1330 2656 Platonis
1357 2595 1488 2685 fere}

180 2682 253 2753 ’μὶ
309 2707 452 2741 xxn.
492 2681 563 2736 ''79-
611 2688 777 2753 Apud
796 2686 1208 2750 Xenophontem
1239 2693 1415 2733 autem
1443 2684 1675 2733 moriens
1697 2682 1874 2749 Cyrus

240 2770 410 2838 major
448 2769 584 2817 haee
622 2766 779 2816 dicit:
823 2763 1038 2812 ‘Nolite
1077 2761 1339 2819 arbitrari,
1382 2761 1432 2811 O
1470 2761 1573 2810 mei
1613 2760 1875 2810 carissimi

240 2849 355 2905 filii,
386 2862 492 2902 me,
522 2861 642 2894 cum
679 2860 710 2892 a
736 2841 887 2892 vobis
914 2840 1230 2895 discessere,
1260 2855 1524 2905 nusquam
1554 2846 1644 2887 aut
1669 2839 1876 2886 nullum

242 2927 369 2976 fore.
444 2923 564 2972 Nec
599 2921 739 2971 enirn
768 2919 895 2969 dum
933 2933 1079 2966 eram
1106 2916 1380 2966 vobiscum
1421 2916 1658 2964 animum
1698 2931 1873 2964 meum

244 3002 523 3058 videbatiS,
564 2999 658 3049 sed
696 3013 820 3047 eum
854 3011 971 3046 esse
1011 2994 1066 3043 in
1111 2994 1214 3044 hoc
1252 3010 1473 3060 corpore
1511 3010 1580 3043 ex
1617 2993 1680 3043 iis
1719 2994 1877 3043 rebus
