2046 3184
0 2074 19 2103 4
0 1951 31 2052 σᾳ
0 1898 45 1928 ,κζ’
31 1863 37 1871 Α,

184 89 219 139 4
389 118 398 126 ,
813 71 897 123 On
933 72 1043 123 Old
1063 70 1204 139 Age.
1553 85 1702 144 [CAT·.
1712 87 1830 140 MAJ.

185 234 234 276 et
259 225 573 293 dignitatem
600 234 748 275 tuam
774 226 1189 276 tolerabiliorem
1215 233 1542 276 senectutem
1561 226 1753 284 videri,
1775 225 1831 277 id

184 313 360 354 autem
382 320 489 353 non
512 320 669 368 posse
698 304 876 353 multis
904 304 1235 371 contingere.
1314 304 1496 354 CATo.
1575 303 1673 354 Est
1697 303 1832 354 istuc

183 383 420 449 quidem,
465 381 642 439 Laeli,
689 382 910 447 aliquid,
955 382 1049 431 sed
1091 398 1434 448 nequaquam
1476 382 1530 431 in
1571 382 1671 432 isto
1711 389 1832 432 sunt

182 461 382 509 omnia.
460 459 535 510 Ut
572 458 968 508 Themistocles
1012 459 1176 508 fertur
1221 458 1472 525 Seriphio
1517 460 1732 510 cuidam
1775 459 1831 508 in

197 538 371 605 iurgio
398 537 757 603 respondisse,
789 553 912 585 cum
940 537 1030 585 ille
1058 537 1279 587 dixisset
1305 554 1410 587 non
1439 554 1560 587 eum
1601 553 1698 587 sua
1736 537 1832 587 sed

182 615 384 681 patriae
405 615 576 683 gloria
598 615 940 680 splendorem
962 616 1275 664 adsecutum
1296 633 1308 663 :
1337 615 1485 665 ‘Nec
1507 615 1784 681 (hercule)
1799 614 1832 672 ‚⁹

172 686 353 760 inquit
384 703 396 724 ‘
420 694 463 743 si
503 710 606 760 ego
648 692 931 758 Seriphius
958 709 1154 750 essem,
1185 709 1286 743 nec
1310 701 1387 751 tu,
1415 693 1459 743 si
1485 692 1832 743 Atheniensis

184 772 275 830 sis,
317 772 494 821 clarus
531 787 790 837 umquam
830 770 1060 819 fuisses.'
1135 769 1299 836 Qod
1338 771 1526 821 eodem
1567 771 1727 822 modo
1765 771 1832 820 de

183 858 451 899 senectute
475 849 579 899 dici
608 857 797 914 potest.
852 848 973 898 Nec
1001 847 1144 897 enim
1172 848 1225 896 in
1254 865 1464 898 summa
1490 848 1671 914 inopia
1697 849 1830 898 levis

184 944 301 976 esse
329 935 574 977 senectus
602 935 791 992 potest,
822 943 888 976 ne
917 926 1145 992 sapienti
1173 926 1410 992 quidem,
1436 943 1537 976 nec
1562 925 1832 992 insipienti

184 1005 343 1054 etiam
382 1005 437 1054 in
478 1022 688 1054 summa
725 1005 878 1070 copia
907 1022 1012 1055 non
1040 1004 1241 1072 gravis.
1261 1000 1358 1052 V9.
1396 1004 1693 1070 Aptissima
1719 1021 1834 1055 om-

187 1083 313 1133 nino
352 1092 493 1141 sunt,
524 1083 708 1148 Scipio
741 1092 791 1132 et
816 1082 993 1141 Laeli,
1024 1099 1175 1132 arma
1195 1083 1487 1132 senectutis
1516 1090 1655 1132 artes
1681 1098 1833 1132 exer-

186 1162 568 1228 citationesque
609 1161 879 1220 virtutum,
924 1178 1062 1228 quae
1106 1162 1160 1211 in
1210 1161 1357 1211 omni
1409 1168 1581 1210 aetate
1631 1160 1828 1220 cultae,

185 1256 306 1289 cum
348 1240 439 1289 diu
480 1241 813 1306 multumque
857 1240 1076 1298 vixeris,
1116 1241 1367 1290 mirificos
1409 1237 1650 1289 ecferunt
1692 1237 1832 1290 fruc-

184 1327 284 1376 tuS‚
326 1335 434 1368 non
472 1319 644 1368 solum
685 1320 809 1385 quia
848 1335 1143 1385 numquam
1182 1319 1453 1376 deserunt,
1483 1333 1554 1373 ne
1591 1323 1832 1368 extremo

181 1396 396 1462 quidem
417 1404 657 1463 tempore
681 1397 887 1453 aetatiS‚
905 1427 974 1433 —
992 1414 1318 1464 quamquam
1341 1398 1395 1446 id
1415 1395 1634 1463 quidem
1660 1394 1834 1445 maxi-

182 1492 328 1523 mum
368 1483 754 1532 est,—verum
798 1476 956 1525 etiam
997 1476 1121 1543 quia
1161 1475 1487 1525 conscientia
1513 1475 1651 1524 bene
1678 1481 1832 1525 actae

180 1554 318 1602 vitae
358 1554 750 1621 multorumque
797 1554 937 1604 bene
986 1555 1270 1604 factorum·
1298 1553 1596 1604 recordatio
1644 1552 1832 1604 iucun-

183 1631 404 1681 dissima
442 1641 537 1681 est.

252 1725 331 1759 IV.
396 1723 463 1759 10.
520 1710 641 1778 Ego
670 1709 932 1775 Qintum
962 1710 1265 1761 Maximum
1292 1707 1456 1779 [eum
1495 1711 1587 1779 qui
1623 1711 1833 1762 Taren-

179 1796 291 1836 tum
318 1789 546 1857 recepit]
580 1806 764 1839 senem
793 1790 1112 1839 adulescens
1139 1790 1211 1839 ita
1239 1790 1403 1840 dilexi
1429 1799 1487 1840 ut
1525 1791 1827 1858 aequalem.

179 1864 310 1915 Erat
347 1867 490 1916 enim
529 1867 585 1916 in
623 1867 716 1917 illo
742 1867 856 1917 viro
895 1868 1143 1917 comitate
1182 1869 1396 1918 condita
1436 1869 1694 1937 gravitas,
1727 1885 1830 1919 nec

179 1953 425 1995 senectus
477 1962 653 1995 mores
704 1954 1004 1995 mutaverat
1021 1963 1036 2003 3
1097 1963 1427 2014 quamquam
1478 1964 1601 1997 eum
1652 1947 1830 1998 colere

181 2022 333 2087 coepi
372 2040 479 2073 non
519 2023 811 2073 admodum
851 2025 1117 2091 grandem
1156 2034 1304 2082 natu,
1346 2026 1442 2075 sed
1490 2034 1670 2075 tamen
1719 2025 1830 2076 iam

181 2108 353 2150 aetate
398 2111 728 2166 provectum.
808 2101 971 2152 Anno
1018 2103 1160 2151 enim
1208 2112 1326 2168 post
1371 2104 1558 2153 consul
1597 2103 1829 2169 primurn

180 2179 351 2228 fuerat
375 2196 537 2245 quam
567 2196 670 2247 ego
697 2188 852 2229 natus
881 2197 1020 2237 sum,
1051 2197 1281 2247 cumque
1318 2198 1381 2230 eo
1419 2189 1666 2248 quartum
1705 2197 1832 2231 con-

179 2257 293 2305 sule
321 2257 758 2307 adulescentulus
791 2258 943 2308 miles
984 2259 1052 2308 ad
1093 2258 1342 2324 Capuam
1382 2260 1650 2324 profectus
1688 2275 1827 2317 sum,

179 2333 468 2401 quintoque
497 2351 638 2385 anno
663 2343 783 2401 post
821 2337 890 2386 ad
928 2336 1246 2386 Tarentum.
1328 2335 1600 2402 Qaestor
1636 2336 1832 2386 deinde

179 2413 529 2478 quadriennio
555 2422 674 2479 post
701 2414 873 2464 factus
901 2432 1040 2472 sum,
1071 2431 1233 2481 quem
1274 2415 1646 2481 magistratum
1685 2414 1830 2481 gessi

180 2491 486 2540 consulibus
512 2491 786 2542 Tuditano
814 2501 865 2542 et
897 2491 1164 2559 Cethego,
1197 2508 1319 2541 cum
1356 2492 1573 2558 quidem
1611 2491 1700 2541 ille
1738 2492 1833 2542 ad-

181 2569 396 2616 modum
426 2586 593 2618 senex
622 2587 810 2620 suasor
835 2570 974 2637 legis
999 2569 1224 2620 Cinciae
1253 2570 1320 2620 de
1348 2569 1502 2619 donis
1529 2577 1580 2618 et
1602 2569 1831 2618 muneri-

180 2646 277 2694 bus
323 2646 436 2695 fuit.
520 2647 626 2697 Hic
671 2656 722 2697 et
766 2649 908 2697 bella
954 2649 1176 2714 gerebat
1219 2655 1277 2698 ut
1321 2648 1660 2705 adulescens,
1707 2662 1832 2696 cum

181 2725 338 2788 plane
367 2725 590 2791 grandis
628 2735 786 2782 esset,
819 2735 870 2775 et
909 2725 1276 2775 Hannibalem
1315 2724 1617 2775 iuveniliter
1655 2724 1832 2774 exsul·-

180 2810 378 2851 tantem
444 2803 699 2868 patientia
763 2820 858 2852 sua
910 2803 1218 2863 molliebat;
1281 2803 1350 2854 de
1399 2819 1504 2871 quo
1553 2801 1830 2870 praeclare

181 2879 461 2931 familiaris
500 2890 679 2931 noster
717 2880 961 2931 Ennius:
