2046 3184
186 108 249 143 10
809 94 894 144 On
929 93 1040 145 Old
1059 93 1203 162 Age.
1545 110 1682 164 [CAT.
1707 112 1826 160 MAJ.

178 247 247 297 Et
274 246 438 296 multa
465 246 688 297 fortasse
717 262 854 314 quae
881 246 1022 297 volt!
1064 257 1222 316 atque
1248 249 1303 298 in
1330 265 1394 299 ea
1420 265 1559 316 quae
1585 267 1694 300 non
1718 249 1829 301 volt

177 341 338 390 saepe
391 324 549 374 etiam
603 325 968 375 adulescentia
1019 323 1252 376 incurrit.
1331 327 1471 377 Illud
1515 344 1643 378 vero
1682 327 1825 379 idem

176 402 447 453 Caecilius
487 401 759 451 vitiosius:

361 498 485 542 Tum
510 496 731 554 equidem
755 498 804 541 in
829 504 1025 542 senecta
1046 498 1137 543 hoc
1161 495 1340 558 deputo
1363 495 1695 556 mise‘rrimum,

361 568 550 613 Sentire
574 581 631 611 ea
654 574 810 611 aetate
832 567 991 625 1‘ps'um
1016 582 1124 612 esse
1149 569 1368 613 odiosum
1393 569 1543 614 alteri.

173 667 247 703 26.
287 653 587 702 Iucundum
628 652 802 718 potius
840 668 1001 718 quarn
1043 653 1285 702 odiosum
1311 653 1321 702 1
1397 654 1472 704 Ut
1509 654 1651 704 enirn
1694 655 1825 705 adu-

175 731 496 782 lescentibus
524 731 664 780 bona
692 730 871 780 indole
902 731 1155 794 praeditis
1179 731 1446 796 sapientes
1469 748 1624 781 senes
1646 732 1824 782 delec-

50 805 54 812 ’
102 802 105 806 ’
172 820 368 866 tantur,
413 809 684 874 leviorque
726 809 783 857 fit
825 817 1071 858 senectus
1116 825 1300 857 eorum
1341 809 1431 875 qui
1477 825 1507 858 a
1553 809 1822 860 iuventute

174 889 418 938 coluntur
440 895 490 935 et
517 887 829 951 diliguntur,
855 886 931 935 sic
954 886 1326 935 adulescentes
1349 903 1537 935 senum
1566 903 1823 953 praecep-

171 968 236 1016 tis
265 966 520 1032 gaudent,
552 965 743 1030 quibus
774 965 841 1014 ad
868 964 1119 1012 virtutum
1151 964 1322 1012 studia
1351 965 1636 1013 ducuntur.
1702 964 1822 1015 Nec

173 1045 346 1093 minus
370 1043 625 1109 intellego
648 1059 731 1091 me
752 1043 903 1092 vobis
930 1037 1091 1108 quam
1123 1042 1252 1090 mihi
1274 1060 1369 1091 vos
1390 1059 1507 1092 esse
1535 1043 1815 1093 iucundos.

173 1122 281 1172 Sed
310 1122 498 1171 videtis
526 1130 581 1169 ut
608 1129 856 1170 senectus
884 1138 990 1170 non
1020 1121 1179 1170 modo
1207 1121 1466 1187 languida
1495 1131 1652 1187 atque
1678 1122 1821 1172 iners

172 1217 279 1249 non
308 1200 391 1256 sit,
420 1215 606 1247 verum
635 1198 790 1247 etiam
822 1198 886 1247 sit
911 1212 1138 1263 operosa
1178 1207 1228 1248 et
1266 1215 1478 1264 semper
1516 1216 1686 1266 agens
1726 1200 1822 1249 ali-

171 1278 299 1344 quid
327 1286 377 1326 et
405 1277 649 1333 moliens,
672 1277 779 1325 tale
808 1277 1010 1325 scilicet
1036 1277 1194 1342 quale
1223 1277 1480 1343 cuiusque
1508 1278 1736 1327 studium
1765 1277 1820 1327 in

170 1356 442 1421 superiore
465 1354 568 1403 vita
597 1354 711 1403 fuit.
792 1353 960 1418 Qid,
985 1355 1075 1420 qui
1097 1355 1255 1404 etiam
1280 1356 1563 1405 addiscunt
1585 1354 1822 1422 aliquid?

167 1443 224 1483 ut
251 1442 301 1483 et
327 1433 584 1483 Solonem
611 1432 853 1481 versibus
881 1433 1201 1498 gloriantem
1229 1433 1495 1491 videmus,
1525 1434 1615 1500 qui
1644 1450 1700 1483 se
1733 1446 1834 1484 co*-

166 1512 292 1561 tidie
321 1511 520 1576 aliquid
550 1510 915 1559 addiscentem
944 1510 1070 1559 dicit
1097 1528 1280 1560 senem
1310 1511 1457 1560 fieri:
1498 1521 1548 1561 et
1569 1528 1672 1578 ego
1692 1511 1825 1570 feci,-

167 1590 255 1656 qui
277 1589 475 1638 litteras
503 1588 744 1637 Graecas
773 1605 939 1637 senex
962 1588 1144 1646 didici,
1169 1606 1303 1655 quas
1325 1590 1541 1656 quidem
1565 1590 1642 1639 sic
1664 1590 1819 1640 avide

167 1667 395 1732 adripui‚
426 1666 578 1732 quasi
621 1666 928 1715 diuturnam
970 1667 1110 1716 sitim
1152 1668 1371 1732 explere
1399 1668 1641 1733 cupiens,
1670 1676 1728 1717 ut
1753 1684 1818 1717 ea

164 1746 282 1810 ipsa
324 1745 452 1792 mihi
496 1753 619 1793 nota
664 1752 859 1802 essent,
889 1738 1085 1810 quibus
1126 1762 1212 1794 me
1255 1762 1398 1795 nunc
1440 1745 1704 1811 exemplis
1743 1745 1818 1795 uti

163 1822 371 1873 videtis.
454 1821 619 1886 Qod
647 1838 768 1871 cum
798 1822 989 1872 secisse
1021 1822 1301 1872 Socratem
1340 1823 1393 1871 in
1433 1824 1628 1873 fidibus
1667 1823 1819 1872 audi-'-

163 1917 298 1957 rem,
340 1901 536 1949 vellem
582 1901 832 1966 equidem
877 1901 1038 1948 etiam
1083 1901 1236 1958 illud,
1260 1930 1330 1936 —
1352 1890 1629 1949 discebant
1673 1900 1816 1950 enim

162 1979 357 2028 fidibus
385 1978 607 2044 antiqui,
628 2007 696 2014 —
716 1978 810 2027 sed
838 1978 892 2027 in
920 1978 1105 2027 litteris
1133 1987 1272 2027 certe
1302 1978 1593 2027 elaboravi.
1661 1970 1665 1973 Δ

234 2070 317 2105 1x.
369 2070 441 2106 27.
478 2056 598 2105 Nec
625 2072 770 2109 nunc
808 2056 1025 2122 quidem
1052 2057 1179 2105 viris
1218 2056 1464 2106 desidero
1503 2056 1818 2105 adulescen-

161 2134 246 2192 tis,
267 2164 338 2171 -—
354 2135 399 2184 is
426 2134 569 2184 enim
592 2142 705 2182 erat
726 2108 875 2189 low-s
898 2135 1029 2182 alter
1051 2135 1117 2183 de
1138 2135 1275 2182 vitiis
1297 2135 1601 2191 senectutis,
1621 2151 1815 2183 -non

162 2212 281 2277 plus
309 2229 470 2279 quam
499 2212 820 2261 adulescens
847 2211 982 2260 tauri
1011 2220 1102 2260 aut
1122 2212 1392 2276 elephanti
1415 2211 1809 2260 desiderabam.

165 2289 326 2354 Qod
369 2299 467 2348 est,
506 2306 569 2339 eo
611 2290 765 2339 decet
805 2290 912 2345 uti3
953 2297 1003 2337 et
1043 2273 1472 2364 quicquid(agas
1514 2305 1677 2355 agere
1719 2305 1815 2354 pro

106 2368 109 2370 ’
161 2355 410 2435 viribus)
461 2367 620 2432 Qae
649 2368 789 2416 enim
813 2385 919 2416 vox
947 2376 1118 2432 potest
1143 2384 1260 2416 esse
1281 2369 1633 2431 contemptior
1651 2382 1815 2432 quam

163 2445 383 2495 Milonis
411 2444 788 2496 Crotoniatae?
827 2445 939 2511 qui,
970 2462 1092 2494 cum
1129 2445 1235 2494 iam
1264 2460 1434 2493 senex
1459 2452 1617 2501 esset,
1648 2444 1815 2493 athle-

162 2533 348 2590 tasque
399 2540 455 2574 se
507 2523 805 2572 exercentis
857 2523 912 2571 in
961 2522 1227 2572 curriculo
1268 2522 1491 2579 videret,
1536 2521 1814 2586 aspexisse

162 2602 388 2651 lacertos
428 2618 552 2650 suos
593 2600 804 2658 dicitur,
842 2600 1298 2665 inlacrimansque
1337 2599 1570 2648 dixisse:
1614 2597 1721 2647 ‘At
1758 2597 1814 2646 hi

162 2679 376 2744 quidem
405 2679 596 2728 mortui
625 2678 732 2728 iam
761 2678 919 2727 sunt.'
996 2677 1121 2727 Non
1149 2683 1274 2726 ve'ro
1300 2686 1407 2726 tam
1436 2676 1519 2725 isti
1555 2692 1718 2742 quam
1755 2683 1812 2724 tu

162 2757 296 2821 ipse,
327 2755 591 2823 nugator!
634 2773 807 2821 neque
836 2755 978 2805 enim
1006 2772 1075 2804 ex
1101 2764 1150 2804 te
1177 2771 1434 2820 umquam
1474 2770 1532 2803 es
1570 2752 1813 2802 nobilita-

161 2844 264 2891 tuS‚
295 2835 390 2884 sed
418 2852 485 2883 ex
513 2834 769 2882 lateribus
797 2842 846 2882 et
873 2834 1086 2882 lacertis
1112 2833 1232 2882 tuis.
1321 2832 1472 2881 Nihil
1501 2831 1633 2881 Sex.
1664 2829 1812 2879 Aeli-

162 2929 223 2960 us
263 2914 387 2968 tale,
419 2912 550 2960 nihil
593 2911 770 2959 multis
800 2911 954 2960 annis
983 2921 1104 2960 ante
1131 2910 1219 2958 Ti.
1253 2909 1648 2965 Coruncanius,
1678 2907 1811 2956 nihil

165 2991 322 3038 modo
351 2989 406 3037 P.
435 2989 685 3044 Crassus,
719 3004 748 3035 a
775 2989 967 3053 quibus
997 2989 1109 3037 iura
1140 2987 1344 3036 civibus
1372 2986 1812 3052 praescribeban-

1047 3120 1086 3137 ks
