2046 3184
51 1462 106 1518 l

212 111 257 143 v.
284 99 366 157 13.]
478 84 687 136 Fabius
712 83 991 134 Maximus
1002 97 1024 144 ,·
1072 80 1248 131 Greek
1290 47 1566 131 Wortbz·es.
1812 91 1843 146 5

395 239 536 285 Unus
560 238 703 283 homo
726 236 866 282 nobis
889 235 1158 281 cunctando
1181 234 1387 279 restituit
1409 249 1523 291 rem,

396 311 619 353 Noenum
644 321 856 361 rumores
879 306 1089 364 ponebat
1114 312 1224 349 ante
1248 304 1463 349 salutem.

395 379 520 437 Ergo
543 384 747 435 postque
770 376 1015 434 magisque
1038 374 1126 418 viri
1149 388 1275 417 nunc
1296 373 1448 432 gloria
1470 374 1630 420 claret.

205 487 265 524 11.
300 475 596 525 Tarentum
622 491 748 523 vero
776 490 881 539 qua
901 471 1199 539 vigilantia,
1230 488 1334 536 quo
1361 471 1583 521 consilio
1610 471 1844 537 recepit!

208 571 330 604 cum
357 553 573 619 quidem
602 569 686 600 me
715 550 962 600 audiente
990 548 1299 606 Salinatori,
1323 548 1414 615 qui
1432 549 1628 599 amisso
1649 551 1845 615 oppido

206 628 417 699 fugerat
433 630 487 678 in
507 646 700 686 arcem,
720 628 968 695 glorianti
987 636 1142 692 atque
1161 626 1231 674 ita
1250 625 1462 684 dicenti,
1482 635 1494 655 ‘
1514 626 1643 675 Mea
1661 644 1843 692 opera,

209 708 408 774 Qinte
425 707 577 765 Fabi,
595 707 890 755 Tarentum
907 703 1187 769 recepisti,’
1222 712 1233 733 ‘
1252 703 1444 761 Certe,'
1460 703 1628 769 inquit
1646 704 1843 763 ridens,

210 797 222 817 ‘
245 803 370 835 nam
405 785 504 834 nisi
543 793 598 833 tu
638 783 927 840 amisisses,
959 788 1252 848 numquam
1290 781 1651 846 recepissem.'
1724 782 1844 832 Nec

196 881 332 914 vero
369 863 423 912 in
465 863 624 911 armis
665 860 1015 926 praestantior
1052 875 1214 926 quam
1252 859 1306 908 in
1344 867 1491 926 toga,
1529 859 1618 925 qui
1658 861 1843 910 consul

204 941 414 998 iterum,
446 939 542 1004 Sp.
583 938 819 989 Carvilio
858 938 1070 1004 collega
1108 937 1434 1002 quiescente,
1467 936 1533 986 C.
1576 937 1843 988 Flaminio

204 1018 416 1068 tribuno
445 1018 613 1083 plebis
640 1016 818 1082 quoad
844 1015 1010 1081 potuit
1036 1014 1220 1064 restitit
1253 1030 1442 1081 agrum
1482 1014 1755 1065 Picentem
1796 1024 1846 1066 et

206 1096 477 1145 Gallicum
495 1094 688 1143 viritim
713 1101 895 1143 contra
924 1101 1138 1142 senatus
1161 1092 1526 1141 auctoritatem
1554 1093 1809 1143 dividenti
1830 1112 1843 1152 3

206 1190 483 1240 augurque
511 1189 632 1222 cum
660 1180 817 1229 esset,
847 1170 1024 1220 dicere
1053 1187 1212 1220 ausus
1240 1179 1318 1219 est
1342 1171 1554 1235 optimis
1592 1171 1844 1237 auspiciis

205 1267 268 1300 ea
307 1251 422 1318 geri
461 1267 597 1316 quae
638 1267 732 1314 pro
770 1249 846 1298 rei
873 1249 1119 1314 publicae
1147 1248 1316 1297 salute
1343 1257 1674 1315 gererentur,
1705 1266 1844 1315 quae

204 1338 386 1379 contra
431 1345 542 1377 rem
587 1328 858 1394 publicam
898 1327 1158 1376 ferrentur
1196 1335 1379 1376 contra
1418 1327 1658 1392 auspicia
1696 1327 1839 1376 ferri.

139 1409 266 1456 V12.
305 1405 478 1455 Multa
515 1406 570 1454 in
609 1422 672 1454 eo
698 1405 811 1454 viro
850 1405 1127 1470 praeclara
1167 1404 1416 1470 cognovi,
1447 1405 1541 1454 sed
1580 1405 1712 1454 nihil
1752 1406 1845 1455 ad-

203 1485 496 1533 mirabilius
523 1500 685 1550 quam
707 1500 811 1550 quo
834 1484 991 1533 modo
1012 1483 1101 1532 ille
1123 1491 1344 1531 mortem
1366 1483 1440 1532 fili
1461 1483 1577 1532 tulit
1597 1483 1726 1532 clari
1746 1484 1844 1533 viri

203 1571 255 1612 et
275 1562 588 1613 consularis.
644 1561 739 1611 Est
759 1561 813 1610 in
836 1561 1082 1610 manibus
1104 1561 1359 1618 laudatio,
1382 1577 1544 1627 quam
1568 1577 1689 1610 cum
1713 1562 1845 1628 legi-

203 1659 342 1700 mus,
366 1658 524 1708 quem
547 1640 926 1706 philosophum
949 1656 1056 1688 non
1080 1638 1531 1714 contemnimus?v
1578 1638 1699 1688 Nec
1718 1656 1845 1689 vero

194 1721 291 1776 ¹ille
329 1720 383 1769 in
423 1720 541 1769 luce
583 1719 740 1768 modo
780 1726 937 1784 atque
965 1717 1019 1766 in
1047 1716 1214 1767 oculis
1243 1717 1439 1766 civium
1468 1733 1719 1784 magnus,
1752 1717 1846 1767 sed

201 1798 340 1849 intus
379 1793 629 1864 domique
669 1796 1037 1863 praestantior.
1119 1794 1230 1860 Qi
1269 1794 1475 1852 sermo!
1516 1796 1654 1861 quae
1693 1812 1846 1861 prae-

202 1886 354 1942 cepta
377 1875 388 1925 1
421 1885 619 1942 quanta
638 1875 820 1925 notitia
839 1874 1181 1941 antiquitatis,
1202 1872 1424 1922 scientia
1452 1872 1580 1922 iuris
1601 1872 1811 1940 augurii
1833 1872 1844 1921 1

202 1954 408 2003 Multae
447 1954 605 2003 etiam
645 1962 700 2002 ut
737 1953 792 2002 in
828 1953 1043 2008 homine
1073 1951 1324 2013 Romano
1350 1950 1596 2000 litterae..
1649 1950 1925 2018 Omnia-532*

203 2032 459 2081 memoria
485 2032 717 2088 tenebat,
748 2022 854 2080 non
881 2029 1173 2080 domestica
1212 2030 1383 2079 solum
1423 2029 1517 2078 sed
1557 2028 1715 2078 etiam
1755 2046 1845 2078 ex-

202 2119 350 2158 terna
401 2110 557 2158 bella.
633 2108 803 2159 Cuius
854 2124 1098 2158 sermone
1142 2107 1214 2156 ita
1251 2115 1361 2156 tum
1403 2107 1595 2173 cupide
1634 2107 1845 2157 fruebar

202 2187 353 2253 quasi
382 2186 488 2236 iam
515 2187 833 2245 divinarem,
862 2186 915 2236 id
943 2186 1086 2252 quod
1112 2185 1307 2244 evenit,
1331 2185 1421 2235 illo
1448 2185 1708 2235 exstincto
1735 2185 1846 2236 fore

202 2265 344 2315 unde
371 2265 631 2314 discerem
662 2264 951 2313 neminem.

158 2347 203 2415 ts
272 2358 330 2391 v.
382 2355 446 2390 13.
487 2341 732 2407 Qorsus
759 2342 920 2409 igitur
946 2342 1082 2391 haec
1108 2348 1216 2391 tam
1256 2341 1422 2391 multa
1462 2341 1528 2391 de
1567 2338 1848 2390 Maximo?

205 2418 351 2486 Qia
379 2420 613 2485 profecto
640 2419 829 2469 videtis
867 2418 1018 2469 nefas
1057 2412 1174 2468 eSse
1213 2419 1356 2469 dictu
1397 2418 1644 2468 miseram
1686 2420 1847 2468 fuisse

204 2498 363 2546 talem
392 2506 750 2552 senectutem3
792 2512 892 2545 nec
918 2504 1096 2545 tamen
1125 2514 1311 2546 omnes
1339 2506 1561 2561 possunt
1588 2513 1703 2546 esse
1732 2496 1848 2546 Sci-

205 2575 389 2639 piones
418 2584 507 2623 aut
527 2573 777 2632 Maximi,
802 2581 857 2622 ut
876 2574 1088 2622 urbium
1111 2574 1557 2641 expugnationes,
1582 2583 1638 2623 ut
1659 2575 1850 2639 pedes-

203 2651 295 2700 tris
323 2651 597 2700 navalisve
625 2667 858 2718 pugnas,
881 2659 938 2700 ut
962 2652 1102 2700 bella
1131 2667 1161 2700 a
1187 2668 1244 2700 se
1272 2661 1445 2718 gesta,
1470 2661 1526 2700 ut
1551 2651 1848 2716 triumphos

204 2729 566 2778 recordentur.
645 2728 742 2777 Est
767 2729 924 2778 etiarn
952 2729 1126 2795 quiete
1154 2738 1204 2778 et
1230 2745 1360 2794 pure
1390 2738 1546 2795 atque
1574 2731 1850 2796 eleganter

206 2814 356 2855 actae
384 2806 567 2854 aetatis
596 2805 808 2871 placida
836 2821 898 2855 ac
924 2806 1058 2855 lenis
1086 2815 1351 2864 senectus,
1381 2808 1597 2873 qualem
1638 2806 1848 2871 accepi-

206 2899 324 2931 mus
349 2873 611 2940 Platonis,
640 2883 730 2949 qui
756 2900 864 2932 uno
892 2891 942 2932 et
967 2884 1294 2949 octogesimo
1323 2901 1463 2933 anno
1496 2884 1734 2933 scribens
1772 2891 1852 2932 est

207 2970 476 3027 mortuus3
516 2961 731 3027 qualem
758 2960 1027 3019 IsocratiS,
1057 2961 1147 3028 qui
1173 2977 1296 3010 eum
1323 2962 1516 3010 librum
1548 2961 1637 3028 qui
1668 2961 1850 3012 Pana-

1897 1927 1916 1946 Χ

2037 1802 2046 1822 .-

1991 1833 2018 1876 b:

1936 1899 1963 1920 *b
1987 1886 1993 1891 Ι
2020 1903 2026 1914 x

1955 1908 2046 1998 es)
