2046 3184
216 97 282 132 20
842 84 924 133 On
961 82 1071 133 Old
1091 82 1231 149 Age.
1574 79 1710 133 [CAT·
1734 79 1858 131 MAJ,

215 253 338 286 cum
400 237 633 295 emersit,
687 237 859 286 fundit
913 237 1125 304 frugem
1177 236 1310 301 spici
1359 234 1544 285 ordine
1606 242 1858 284 structam
1906 241 1910 245 ”

215 324 264 364 et
302 323 485 364 contra
525 315 703 363 avium
741 315 1004 365 minorum
1047 331 1252 364 morsus
1293 313 1524 362 munitur
1550 312 1692 362 vallo
1731 313 1861 362 aris-

212 402 406 441 tarum.
430 394 458 434 *l
481 406 552 442 52.
593 391 740 456 Qid
778 409 880 459 ego
921 392 1104 441 vitium
1144 401 1308 448 ortus,
1339 400 1502 447 satus,
1532 389 1860 439 incrementa

214 470 665 520 commemorem?
759 469 954 520 Satiari
995 469 1344 519 delectatione
1383 485 1489 517 non
1529 459 1765 533 possum,
1806 476 1862 517 ut

214 565 365 597 meae
394 549 679 597 senectutis
706 548 996 614 requietem
1025 548 1579 613 oblectamentumque
1608 546 1856 596 noscatis.
1931 557 1934 560 ’

214 626 409 675 Omitto
450 626 591 675 enim
630 625 736 674 vim
789 626 962 690 ipsam
1001 625 1239 674 omnium
1279 641 1417 690 quae
1467 633 1793 691 generantur
1831 641 1860 674 e

212 702 371 760 tei-ra,
401 721 541 770 quae
569 720 637 752 ex
663 703 750 752 fici
789 704 991 752 tantulo
1025 719 1196 770 grano
1237 712 1326 752 aut
1363 719 1430 751 ex
1470 702 1609 751 acini
1635 702 1860 753 vinaceo
1931 757 1935 760 ,

213 791 302 830 aut
343 799 411 830 ex
454 790 751 831 ceterarum
804 781 1019 848 frugum
1073 789 1162 829 aut
1212 780 1451 845 stirpium
1495 780 1860 831 minutissimis

140 900 142 902 .
213 859 505 909 seminibus
533 867 706 909 tantos
731 867 946 908 truncos
968 875 1252 925 ramosque
1281 866 1541 924 procreet.
1596 858 1860 922 Malleoli,

212 938 447 1003 plantae,
479 918 766 995 saissr‘iessita,
797 937 1135 995 viviradices,
1166 936 1511 1003 propagines,
1542 953 1720 987 nonne
1749 938 1862 987 effi-

212 1016 358 1065 ciunt
396 1024 451 1064 ut
489 1016 732 1082 quemvis
772 1031 893 1065 cum
947 1015 1296 1064 admiratione
1336 1014 1649 1065 delectent?
1721 1015 1861 1066 Vitis

212 1094 451 1160 quidem,
480 1110 618 1159 quae
646 1103 835 1143 natura
865 1094 1070 1144 caduca
1099 1102 1195 1151 est,
1227 1101 1277 1143 et
1302 1093 1404 1143 nisi
1431 1094 1563 1143 fulta
1589 1102 1668 1144 est
1697 1095 1862 1144 fertur

213 1173 281 1221 ad
323 1180 540 1230 terram,
586 1173 776 1221 eadem
822 1180 878 1221 ut
923 1189 978 1222 se
1025 1172 1196 1239 erigat
1236 1172 1511 1222 claviculis
1553 1173 1662 1223 suis
1706 1175 1860 1241 quasi

212 1251 461 1301 manibus
499 1250 754 1317 quicquid
793 1259 872 1300 est
910 1259 1068 1300 nacta
1107 1251 1489 1316 conplectitur3
1529 1269 1712 1318 quarn,
1752 1270 1863 1303 ser-

211 1338 427 1394 pentem
473 1329 752 1395 multiplici
803 1330 959 1396 lapsu
1005 1337 1056 1379 et
1100 1330 1344 1388 erratico,
1392 1330 1531 1381 ferro
1578 1340 1861 1398 amputans

211 1416 423 1458 coercet
462 1424 547 1458 ars
587 1408 970 1476 agricolarum,
1005 1425 1072 1457 ne
1113 1408 1361 1458 silvescat
1399 1410 1680 1460 sarmentis
1718 1419 1769 1460 et
1805 1411 1861 1460 in

210 1486 384 1536 omnis
411 1486 576 1552 partis
615 1487 780 1536 nimia
817 1487 1085 1537 fundatur.
1160 1500 1230 1536 53.
1269 1487 1457 1553 Itaque
1495 1487 1710 1538 ineunte
1736 1505 1861 1539 vere

210 1565 265 1614 in
297 1565 361 1615 iis
395 1582 535 1632 quae
571 1566 755 1615 relicta
788 1574 910 1615 sunt
947 1566 1152 1615 exsistit
1187 1574 1463 1631 tamquam
1504 1566 1572 1616 ad
1612 1567 1861 1617 articulos

211 1654 601 1693 sarmentorum
649 1660 713 1693 ea
758 1661 898 1711 quae
943 1660 1161 1711 gemma
1205 1644 1416 1701 dicitur,
1460 1660 1490 1694 a
1534 1661 1638 1711 qua
1683 1645 1860 1695 oriens

209 1738 316 1771 uva
359 1739 415 1771 se
460 1722 721 1780 ostendit3
774 1739 913 1789 quae
956 1732 1006 1772 et
1047 1739 1176 1772 suco
1210 1731 1381 1772 terrae
1421 1730 1473 1772 et
1512 1723 1690 1772 calore
1735 1723 1861 1773 solis

211 1816 513 1866 augescens
553 1800 725 1866 primo
770 1809 850 1850 est
900 1801 1192 1866 peracerba
1231 1809 1466 1868 gustatu,
1509 1801 1703 1851 deinde
1749 1817 1861 1850 ma-

209 1886 383 1927 turata
446 1878 726 1937 dulcescit,
789 1879 1085 1944 vestitaque
1147 1879 1414 1944 pampinis
1487 1895 1588 1928 nec
1651 1880 1861 1929 modico

209 1963 393 2021 tepore
439 1964 605 2014 caret,
646 1965 696 2006 et
736 1957 928 2006 nimios
972 1956 1096 2005 solis
1139 1956 1375 2006 defendit
1417 1957 1652 2006 ardores.
1733 1956 1862 2022 Qa
1919 1967 1922 1969 ’

210 2034 334 2099 quid
366 2043 681 2107 potestesse
709 2051 831 2084 cum
871 2035 1045 2084 fructu
1085 2035 1295 2092 laetius,
1325 2043 1436 2083 tum
1477 2043 1695 2100 aspectu
1742 2036 1862 2101 pul-

211 2112 390 2162 chrius
418 2111 445 2162 Ξῖ
513 2112 683 2180 Cujus
711 2113 927 2179 quidem
956 2130 1060 2162 non
1096 2113 1292 2162 utilitas
1321 2130 1406 2161 me
1433 2114 1627 2170 solum,
1656 2121 1713 2162 ut
1740 2122 1861 2163 ante

210 2190 342 2248 dixi,
367 2190 462 2240 sed
490 2191 648 2240 etiam
677 2192 882 2240 cultura
911 2199 961 2239 et
987 2198 1175 2238 natura
1203 2191 1318 2255 ipsa
1346 2191 1606 2239 delectat:
1636 2191 1862 2239 admini-

211 2269 452 2317 culorum
492 2268 729 2326 ordines,
768 2269 1001 2334 capitum
1043 2254 1559 2335 iugatio‚f?eligati<31
1581 2277 1631 2317 et
1669 2285 1862 2334 propa-

210 2346 354 2412 gatio
405 2346 611 2403 vitium,
666 2355 1054 2395 sarmentorum
1119 2362 1183 2395 ea
1244 2363 1406 2412 quam
1459 2346 1569 2395 dixi
1633 2347 1858 2395 aliorum

211 2425 523 2488 amputatio,
556 2419 778 2473 aliorum
823 2424 1081 2473 inmissio.
1163 2422 1310 2486 Qid
1349 2440 1452 2490 ego
1491 2424 1858 2490 inrigationes,

210 2502 337 2567 quid
365 2501 624 2551 fossiones
647 2502 763 2568 agri
790 2501 1336 2567 repastinationesque
1358 2502 1645 2566 proferam,
1669 2502 1861 2568 quibus

209 2580 266 2627 fit
293 2580 456 2628 multo
483 2588 622 2628 terra
650 2580 927 2629 fecundior
953 2557 1112 2628 ?ls54.
1153 2579 1301 2644 Qid
1328 2581 1394 2628 de
1421 2579 1642 2628 utilitate
1674 2580 1864 2645 loquar

211 2655 576 2705 stercorandi?
652 2657 779 2705 Dixi
818 2657 873 2706 in
901 2675 964 2707 eo
1000 2658 1134 2707 libro
1161 2673 1320 2723 quem
1355 2658 1420 2706 de
1460 2658 1617 2706 rebus
1653 2656 1861 2706 rusticis

211 2733 419 2798 scripsi,
464 2735 530 2783 de
572 2751 678 2800 qua
720 2735 906 2784 doctus
952 2735 1222 2784 Hesiodus
1268 2750 1335 2783 ne
1380 2735 1603 2783 verbum
1644 2734 1860 2800 quidem

211 2811 354 2867 fecit,
385 2827 506 2859 cum
536 2812 601 2860 de
635 2813 842 2860 cultura
882 2813 998 2878 agri
1039 2813 1324 2861 scriberet:
1366 2819 1418 2860 at
1448 2811 1739 2868 Homerus,
1767 2811 1859 2878 qui

212 2888 389 2936 multis
432 2890 518 2954 (ut
561 2889 690 2936 mihi
727 2889 964 2955 videtur)
1012 2899 1131 2938 ante
1173 2889 1404 2938 saeculis
1444 2889 1559 2946 fuit,
1603 2887 1859 2938 Laertam

211 2965 499 3015 lenientem
528 2966 874 3025 desiderium,
904 2968 1048 3033 quod
1085 2966 1332 3031 capiebat
1369 2983 1398 3016 e
1436 2967 1564 3023 filio,
1596 2966 1859 3016 colentem
