2046 3184
249 155 403 211 x.v31.]
661 141 771 191 lee
797 141 1060 210 Strengtlz
1087 143 1160 208 os
1191 143 1300 193 Old
1319 111 1473 192 Men.
1824 159 1881 191 11

247 303 351 353 tur,
379 311 605 361 quorum
631 312 799 362 usque
827 296 895 346 ad
921 304 1221 374 extremum
1246 295 1486 361 spiritum
1518 303 1597 346 est
1633 305 1884 362 provecta

248 372 546 437 prudentia.

271 448 387 498 Vezs.
426 449 620 499 Orator
646 459 822 500 metuo
849 468 915 500 ne
950 451 1268 518 languescat
1306 460 1596 513 senectute,
1627 461 1704 502 est
1742 453 1884 502 enim

245 543 440 576 munus
480 527 593 576 eius
631 545 736 576 non
764 528 946 594 ingeni
975 530 1145 578 solum
1174 529 1268 578 sed
1295 530 1518 577 laterum
1547 529 1705 578 etiarn
1733 539 1783 579 et
1808 531 1884 579 vi-

223 604 400 663 rium.
461 603 695 654 Omnino
717 622 972 654 canorum
994 606 1123 654 illud
1145 606 1198 654 in
1220 622 1351 655 voce
1374 607 1697 671 splendescit
1721 607 1878 656 etiam

243 681 426 731 nescio
452 698 555 747 quo
578 691 732 746 pacto
754 683 804 730 in
829 693 1117 739 senectute,
1143 684 1284 749 quod
1307 683 1553 749 equidem
1578 684 1754 733 adhuc
1775 702 1880 733 non

242 758 418 816 amisi,
447 767 498 807 et
522 759 710 808 videtis
738 775 923 809 annos.
999 759 1110 809 Sed
1143 770 1321 809 tamen
1360 769 1438 809 est
1477 763 1700 811 decorus
1739 763 1882 812 senis

227 852 418 886 ‘sermo
442 836 652 902 quietus
679 846 729 885 et
760 838 1031 894 remissus,
1062 837 1290 904 facitque
1330 854 1589 903 persaepe
1629 839 1743 903 ipsa
1783 839 1881 888 sibi

241 914 567 963 audientiam
629 915 809 964 diserti
872 916 1014 964 senis
1045 915 1350 980 “conposita
1403 924 1452 964 et
1502 915 1639 965 mitis
1690 917 1874 966 oratio.

241 990 423 1056 Qam
451 992 494 1041 si
522 991 636 1057 ipse
664 992 884 1058 exsequi
924 1009 1180 1058 nequeas,
1212 993 1382 1057 possis
1419 1001 1597 1041 tamen
1640 993 1878 1058 Scipioni

240 1069 549 1135 praecipere
577 1079 627 1119 et
653 1069 857 1138 Laelio.
937 1069 1084 1135 Qid
1113 1071 1253 1118 enim
1281 1079 1363 1134 est!
1386 1070 1668 1120 iucundius
1695 1089 1880 1121 senec-

237 1155 346 1197 tute
373 1148 563 1213 stipata
586 1148 771 1197 studiis
799 1147 1119 1198 iuventutis?
1189 1161 1264 1196 29.
1302 1147 1493 1215 Anqne
1533 1166 1623 1198 eas
1661 1150 1876 1237 quidem

237 1225 365 1275 viris
392 1226 646 1275 senectuti
674 1226 1044 1292 relinquimus,
1074 1235 1130 1275 ut
1168 1226 1524 1276 adulescentis
1564 1228 1770 1284 doceat,
1800 1228 1878 1277 in-

237 1306 434 1361 stituat,
465 1304 534 1353 ad
560 1321 717 1353 omne
757 1304 896 1353 offici
937 1322 1128 1354 munus
1167 1303 1422 1353 instruat?
1498 1303 1623 1370 Qo
1661 1306 1876 1371 quidem

96 1367 154 1451 ’ήὲ
179 1398 397 1448 mopere
435 1383 563 1449 quid
601 1391 770 1448 potest
795 1400 911 1432 esse
939 1382 1300 1448 piaeclarius?
1374 1383 1512 1432 Mihi
1540 1401 1666 1434 vero
1693 1394 1743 1434 et
1768 1384 1873 1436 Cn.

85 1462 120 1529 «ἓ

237 1471 288 1510 et
323 1460 387 1510 Ρ.
429 1459 731 1526 Scipiones,
774 1470 824 1510 et
863 1461 947 1510 avi
988 1461 1060 1510 tui
1113 1462 1238 1518 duo,
1281 1461 1348 1510 L.
1391 1461 1656 1512 Aemilius
1709 1471 1760 1512 et
1810 1463 1871 1512 P.

236 1537 545 1595 Africanus,
577 1539 826 1587 comitatu
866 1539 1121 1588 nobilium
1162 1539 1413 1588 iuvenum
1456 1540 1703 1590 fortunati
1731 1541 1878 1591 vide-

235 1616 460 1672 bantur3
499 1632 601 1665 nec
633 1616 728 1664 ulli
770 1617 1030 1665 bonarum
1073 1616 1264 1664 artium
1305 1617 1546 1683 magistri
1589 1635 1694 1666 non
1735 1619 1875 1668 beati

237 1693 477 1758 putandi,
508 1693 752 1759 quamvis
784 1694 1160 1742 consenuerint
1187 1694 1326 1743 vires
1366 1703 1523 1760 atque
1562 1696 1870 1745 defecerint.

235 1770 349 1820 Etsi
375 1771 491 1836 ipsa
518 1771 616 1819 ista
644 1771 870 1820 defectio
896 1771 1088 1819 virium
1118 1772 1513 1821 adulescentiae
1540 1773 1677 1822 vitiis
1713 1774 1876 1823 effici-

234 1857 317 1898 tur
343 1848 557 1913 saepius
585 1865 746 1914 quam
773 1849 1088 1905 senectutis3
1131 1849 1414 1898 libidinosa
1442 1850 1583 1899 enim
1611 1859 1661 1899 et
1687 1851 1875 1900 intern-

236 1942 429 1991 perans
481 1926 842 1974 adulescentia
895 1926 1111 1974 effetum
1157 1942 1350 1990 corpus
1394 1927 1550 1976 tradit
1593 1929 1868 1977 senectuti.

232 2014 306 2050 3ο.
355 2003 533 2069 Cyrus
584 2004 798 2068 quidem
849 2004 992 2068 apud
1028 2003 1456 2073 *Xenophontem
1509 2021 1572 2054 eo
1628 2023 1873 2055 sermone

226 2098 392 2147 >quem
443 2080 674 2130 moriens
725 2081 926 2138 habuit,
981 2098 1101 2130 cum
1155 2082 1444 2131 admodum
1497 2100 1660 2132 senex
1713 2093 1869 2141 esset,

234 2166 398 2225 negat
422 2175 480 2207 se
506 2174 758 2223 umquam
788 2158 1017 2208 sensisse
1040 2169 1363 2208 senectutem
1387 2177 1539 2209 suam
1561 2161 1872 2210 imbecillio-

233 2253 345 2284 rem
384 2236 578 2284 factam
618 2252 777 2301 quam
819 2236 1182 2285 adulescentia
1223 2237 1423 2286 fuisset.
1502 2238 1622 2305 Ego
1654 2238 1722 2287 L.
1754 2238 1873 2288 Me-

231 2315 415 2363 tellum
446 2314 662 2362 memini
692 2330 842 2377 puer,
867 2314 956 2380 qui
979 2330 1099 2363 cum
1129 2315 1481 2380 quadriennio
1509 2325 1626 2381 post
1647 2318 1869 2367 alterum

232 2391 567 2440 consulatum
590 2391 836 2439 Pontifex
857 2390 1132 2439 Maximus
1155 2391 1323 2441 factus
1346 2402 1504 2450 esset,
1527 2394 1717 2460 viginti
1738 2395 1870 2445 duos

233 2485 400 2517 annos
428 2469 475 2517 ei
503 2469 800 2517 sacerdotio
832 2457 1077 2533 praefuit,
1107 2469 1178 2517 ita
1204 2455 1358 2519 bonis
1398 2487 1514 2520 esse
1539 2472 1740 2522 viribus
1780 2489 1870 2521 ex-

231 2554 398 2595 tremo
425 2555 661 2610 tempore
685 2547 890 2602 aetatis,
914 2555 970 2595 ut
992 2547 1405 2596 adulescentiam
1430 2566 1535 2618 non
1558 2550 1865 2615 requireret.

233 2623 382 2672 Nihil
421 2640 640 2672 necesse
680 2633 758 2672 est
786 2624 913 2672 mihi
943 2625 1007 2673 de
1037 2642 1121 2674 me
1149 2625 1263 2689 ipso
1292 2626 1501 2681 dicere3
1543 2644 1870 2695 quamquam

233 2710 310 2750 est
336 2702 389 2750 id
415 2702 627 2766 quidem
658 2702 844 2759 senile,
876 2703 1139 2768 aetatique
1167 2713 1377 2753 nostrae
1407 2706 1731 2755 conceditur.

258 2773 263 2776 ¹
303 2795 360 2828 x.
424 2793 488 2827 31.
534 2779 811 2829 Videtisne
873 2789 930 2829 ut
991 2781 1133 2845 apud
1198 2780 1495 2832 Homerum
1557 2785 1870 2850 saepissime

232 2856 429 2907 Nestor
473 2857 538 2906 de
582 2857 859 2906 virtutibus
909 2858 1017 2906 suis
1063 2858 1367 2923 praedicet?
1439 2861 1681 2911 Tertiam
1728 2864 1869 2912 enirn

247 2935 353 2983 iam
393 2943 618 2983 aetatem
660 2934 934 2984 hominum
961 2935 1193 2993 vivebat,
1223 2953 1324 2986 nec
1363 2947 1475 2987 erat
1502 2939 1548 2988 ei
1576 2941 1870 2995 verendum

232 3029 300 3062 ne
326 3029 452 3061 vera
480 3012 796 3077 praedicans
823 3013 889 3062 de
927 3030 983 3062 se
1021 3013 1178 3062 nimis
1205 3014 1472 3064 videretur
1509 3026 1598 3066 aut
1635 3018 1869 3070 insolens
