2046 3184
177 123 182 127 “
232 94 413 177 v211.36.*]
692 107 898 159 Source
923 108 997 173 qs
1019 108 1087 156 its
1130 106 1482 188 Weaknesij)
1817 121 1877 169 13

1277 158 1344 237 ἧς
1349 179 1369 212 ,s
1370 178 1409 207 Ἀ

237 261 360 310 dam
384 261 580 310 habeat
597 261 741 326 quod
762 277 856 310 suo
882 269 1119 324 tempore
1146 217 1348 324 Ρεῑῗὶρί
1377 259 1586 308 debeat.
1647 268 1724 308 34.
1760 259 1876 307 Au-

236 339 349 388 dire
387 347 437 387 te
477 338 719 395 arbitror,
750 337 955 401 Scipio,
987 338 1180 402 hospes
1219 346 1337 385 tuus
1378 336 1547 385 avitus
1587 336 1878 386 Masinissa

234 433 372 482 quae
399 416 558 465 faciat
587 415 745 464 hodie
774 415 1067 481 nonaginta
1096 423 1250 463 natus
1278 430 1479 469 annos3
1521 430 1642 462 cum
1671 414 1878 480 ingres-

234 510 324 543 sus
350 494 445 542 iter
473 492 697 558 pedibus
726 491 809 548 sit,
840 491 893 539 in
922 508 1117 556 equum
1151 493 1367 540 omnino
1408 507 1512 539 non
1553 492 1875 546 ascendere;

233 586 356 619 cum
396 580 571 619 autem
617 586 772 635 equo,
805 586 872 617 ex
911 585 1048 634 equo
1075 585 1180 617 non
1209 567 1567 624 descendere3
1609 568 1754 617 nullo
1781 567 1878 616 im-

231 648 331 706 bri,
363 650 508 698 nullo
538 648 735 714 frigore
767 647 963 695 adduci
993 654 1047 694 ut
1074 646 1245 710 capite
1268 654 1450 709 operto
1473 645 1568 701 sit'3
1611 662 1874 695 summam

232 741 350 775 esse
389 727 441 774 in
481 743 543 775 eo
584 725 819 791 corporis
861 723 1184 778 siccitatem3
1226 723 1403 788 itaque
1441 723 1621 773 omnia
1654 725 1874 790 exsequi

227 803 372 869 regis
418 803 591 852 officia
637 812 686 852 et
731 818 972 851 munera.
1052 800 1230 850 Potest
1273 801 1435 867 igitur
1475 802 1784 851 exercitatio
1826 811 1876 851 et

229 881 580 945 temperantia
602 880 760 930 etiam
789 881 844 928 in
873 887 1143 929 senectute
1167 895 1484 930 conservare
1513 880 1714 947 aliquid
1740 880 1874 946 pris·

229 956 324 1006 tini
353 959 573 1007 roboris.

135 999 188 1067 οἵ
298 1050 375 1083 xl.
416 1019 502 1084 Ne
553 1035 656 1084 sint
709 1035 765 1084 in
826 1043 1096 1084 senectute
1147 1035 1304 1085 vires.
1393 1035 1481 1086 Ne
1543 1037 1874 1102 postulantur

227 1112 440 1178 quidem
464 1113 600 1162 vires
623 1130 650 1162 a
673 1122 962 1162 senectute.
1031 1113 1198 1180 Ergo,
1225 1123 1274 1162 et
1295 1115 1504 1181 legibus
1526 1123 1576 1164 et
1601 1114 1869 1171 institutis,

226 1198 382 1239 vacat
408 1199 552 1239 aetas
580 1199 758 1240 nostra
788 1191 1097 1240 muneribus
1123 1191 1187 1240 iis
1214 1209 1352 1257 quae
1380 1210 1484 1241 non
1513 1201 1734 1257 possunt
1754 1192 1869 1242 sine

226 1266 424 1316 viribus
451 1267 714 1316 sustineri.
795 1267 981 1334 Itaque
1019 1285 1126 1317 non
1165 1270 1323 1318 modo
1362 1270 1503 1334 quod
1543 1287 1650 1319 non
1687 1287 1873 1335 possu-

226 1360 363 1401 mus,
393 1345 485 1393 sed
525 1361 592 1393 ne
618 1355 874 1411 quantum
915 1363 1197 1410 possumus
1223 1347 1437 1412 quidem
1465 1348 1726 1413 cogimur.
1748 1348 1781 1396 5.
1801 1359 1872 1396 35.
1927 1348 1929 1350 ’

228 1432 240 1451 ⁴
261 1419 334 1470 At
360 1421 507 1471 multi
536 1422 605 1471 ita
633 1432 754 1471 sunt
781 1423 1034 1472 imbecilli
1072 1440 1229 1473 senes
1265 1434 1322 1472 ut
1359 1425 1564 1473 nullum
1603 1424 1742 1474 offici
1782 1433 1873 1476 aut

225 1499 441 1548 omnino
467 1499 605 1548 vitae
643 1490 837 1549 munus
877 1501 1098 1566 exsequi
1139 1502 1379 1566 possint.'
1452 1501 1525 1550 At
1561 1502 1614 1551 id
1653 1502 1868 1568 quidem

227 1593 332 1625 non
359 1577 630 1642 proprium
659 1578 946 1626 senectutis
968 1570 1151 1627 vitium
1176 1587 1273 1636 est,
1298 1580 1392 1628 sed
1421 1595 1704 1628 commune
1725 1581 1870 1637 vale-

185 1659 192 1668 '
221 1654 437 1703 tudinis.
518 1653 700 1719 Qam
727 1655 824 1704 fuit
850 1656 1150 1705 imbecillus
1176 1656 1238 1705 P.
1263 1655 1508 1705 Africani
1529 1657 1726 1714 filius,
1714 1675 1756 1706 is
1778 1659 1964 1770 quio),-

219 1741 270 1780 te
310 1731 612 1796 adoptavit!
653 1749 814 1798 quam
852 1733 998 1782 tenui
1038 1742 1128 1782 aut
1153 1734 1301 1782 nulla
1329 1734 1501 1799 potius
1527 1735 1864 1784 valetudine!

222 1807 386 1875 Qod
412 1809 466 1858 ni
493 1810 564 1858 ita
591 1810 795 1867 fuisset,
821 1811 1043 1859 alterum
1073 1811 1204 1860 illud
1230 1811 1514 1860 exstitisset
1534 1812 1714 1860 lumen
1736 1812 1865 1861 civi'-

222 1886 374 1935 tatis·
361 1922 374 1943 ‚
417 1887 485 1936 ad
512 1896 792 1952 paternam
820 1888 960 1937 enim
990 1889 1415 1955 magnitudinem
1440 1889 1602 1937 animi
1625 1890 1862 1945 doctrina

223 1964 434 2029 uberior
462 1974 779 2014 accesserat.
860 1965 1007 2029 Qid
1037 1966 1227 2015 mirum
1266 1967 1428 2031 igitur
1464 1967 1519 2015 in
1557 1967 1793 2027 senibus,
1819 1969 1862 2017 si

217 2041 414 2090 infirmi
441 2051 562 2091 sunt
589 2043 896 2108 aliquando«,
927 2060 1047 2092 cum
1076 2045 1127 2092 id
1157 2061 1223 2092 ne
1251 2045 1620 2094 adulescentes
1646 2045 1861 2111 quidem

218 2118 459 2186 effugere
480 2119 717 2185 possint?
780 2120 1182 2178 Resistendum,
1209 2121 1363 2170 Laeli
1384 2131 1435 2170 et
1455 2120 1658 2186 Scipio,
1680 2139 1862 2172 senec-

218 2196 312 2244 tuti
361 2205 459 2252 est,
512 2196 732 2263 eiusque
775 2197 900 2247 vitia
950 2199 1227 2264 diligentia
1277 2200 1656 2263 conpensanda
1707 2209 1858 2249 sunt:

219 2274 572 2340 pugnandum
597 2282 871 2341 tamquam
898 2285 1078 2324 contra
1108 2277 1349 2324 morbum
1378 2277 1454 2325 sic
1475 2287 1657 2326 contra
1678 2295 1857 2327 senec«

218 2358 403 2399 tutem.

285 2439 356 2475 36.
396 2427 665 2478 Habenda
713 2429 846 2478 ratio
882 2430 1236 2487 valetudinis3
1287 2432 1543 2480 utendum
1600 2433 1858 2482 exercita-

216 2505 446 2554 tionibus
472 2506 729 2563 modicis3
768 2515 973 2555 tantum
1003 2507 1106 2556 cibi
1139 2517 1190 2556 et
1227 2509 1455 2572 potionis
1495 2500 1856 2560 adhibendum

217 2591 273 2631 ut
309 2583 614 2632 reficiantur
639 2584 798 2640 vires,
830 2601 936 2632 non
973 2585 1360 2649 opprimantur.
1437 2586 1557 2643 Nec
1582 2605 1708 2636 vero
1744 2605 1858 2637 cor-

217 2660 331 2724 pori
371 2661 543 2709 solum
582 2655 1007 2710 subveniendum
1046 2670 1142 2720 est,
1173 2663 1266 2712 sed
1303 2665 1465 2712 menti
1494 2674 1651 2731 atque
1678 2666 1856 2716 animo
1891 2711 1896 2721 ,

217 2738 380 2786 multo
408 2737 613 2804 magis3
652 2754 778 2786 nam
806 2739 941 2787 haec
966 2755 1198 2806 quoque,
1227 2740 1328 2789 nisi
1355 2749 1629 2807 tamquam
1667 2744 1854 2794 lumini

215 2814 392 2862 oleum
430 2814 673 2872 instilles,
713 2815 1123 2882 exstinguuntur
1159 2826 1448 2867 senectute.
1525 2819 1594 2868 Et
1630 2837 1854 2886 corpora

215 2891 430 2956 quidem
496 2891 932 2949 exercitationum
995 2893 1370 2961 defetigatione
1432 2895 1848 2962 ingravescunt:
1890 2929 1899 2936 -

217 2969 395 3018 animi
431 2978 607 3018 autem
659 2969 1026 3053 exercitando(
1053 2972 1314 3021 levantur.
1404 2973 1547 3022 Nam
1600 2992 1731 3040 quos
1782 2977 1854 3026 ait
