2046 3184
217 106 279 155 16
827 108 910 158 On
958 108 1070 159 Old
1099 108 1240 177 Age.
1584 109 1859 165 [CAT.MAJ.

211 259 536 309 interfuisset
561 260 716 310 Plato
744 262 1111 321 Atheniensis,
1141 281 1301 329 quem
1327 264 1624 314 Tarentum
1649 262 1860 314 venisse

211 338 276 388 L.
306 338 538 388 Camillo
566 339 674 404 Ap.
708 338 939 390 Claudio
968 342 1275 392 consulibus
1302 343 1530 408 repeiio.

280 429 352 464 42.
453 434 670 465 uorsum
717 417 887 467 haec?
961 417 1037 468 Ut
1085 419 1487 486 intellegeretis,
1538 420 1581 470 si
1618 419 1861 484 volupta-

209 502 313 543 tem
344 495 618 559 aspernaii
648 495 852 544 ratione
880 503 931 544 et
958 496 1218 561 sapientia
1249 515 1354 546 non
1382 495 1682 584 possemus,
1707 513 1861 563 mag—-

209 589 334 620 nam
362 589 479 621 esse
503 572 810 620 habendam
832 573 1088 622 senectuti
1111 574 1362 641 gratiam,
1386 592 1525 641 quae
1553 575 1785 624 efficeret
1804 583 1860 624 ut

208 651 260 698 id
285 668 390 699 non
413 651 599 699 liberet
619 650 761 716 quod
785 667 891 699 non
913 659 1192 716 oporteret.
1246 651 1458 717 Inpedit
1485 653 1625 701 enim
1649 652 1861 702 consili-

207 745 296 776 um
315 729 560 792 voluptas
581 746 593 784 3
632 727 821 777 rationi
842 728 1060 777 inimica
1082 738 1192 787 est3
1230 731 1421 796 mentis
1449 731 1533 797 (ut
1553 730 1624 779 ita
1646 730 1852 797 dicam)

209 806 553 872 praestringit
578 806 782 862 oculos,
814 822 914 855 nec
942 807 1102 856 habet
1128 807 1295 856 ullum
1337 824 1459 856 curn
1486 809 1676 857 virtute
1715 824 1860 857 corn-

209 885 486 932 mercium.
567 883 770 933 Invitus
811 884 911 933 feci
950 893 1007 933 ut
1044 884 1314 934 fortissimi
1342 885 1438 934 viri
1466 886 1535 934 T.
1567 886 1857 936 Flaminini

206 961 422 1009 fratrem
453 961 518 1010 L.
551 961 916 1010 Flamininum
946 979 973 1011 e
996 972 1184 1011 senatu
1213 963 1439 1014 eicerem
1471 972 1673 1028 septem
1704 964 1857 1031 annis

207 1048 326 1104 post
352 1056 510 1106 quam
542 1041 726 1090 consul
755 1041 971 1097 fuisset3
1013 1042 1108 1089 sed
1135 1042 1427 1090 notandam
1467 1042 1647 1106 putavi
1685 1043 1857 1092 libidi-

207 1135 348 1166 nem.
426 1117 523 1167 Ille
551 1119 714 1176 enim,
746 1135 867 1167 cum
898 1127 1036 1168 esset
1062 1120 1270 1176 consul,
1300 1119 1353 1167 in
1389 1119 1566 1169 Gallia
1607 1129 1856 1171 exoratus

203 1196 258 1244 in
288 1196 534 1245 convivio
561 1213 592 1245 a
619 1207 793 1246 scorto
820 1206 898 1246 est
924 1206 980 1246 ut
1006 1197 1180 1246 securi
1208 1197 1386 1246 feriret
1413 1198 1643 1264 aliquem
1673 1215 1854 1248 eorum

205 1274 296 1340 qui
334 1274 388 1322 in
416 1274 663 1324 vinculis
685 1284 862 1324 essent
889 1275 1126 1325 damnati
1154 1275 1228 1324 rei
1257 1276 1519 1341 capitalis.
1603 1276 1708 1326 Hic
1732 1277 1857 1328 Tito

203 1352 364 1401 fratre
404 1370 499 1401 suo
533 1368 775 1410 censore,
806 1353 895 1419 qui
923 1354 1200 1418 proximus
1228 1363 1350 1402 ante
1379 1371 1462 1403 me
1490 1354 1679 1413 fuerat,
1709 1356 1857 1421 elap-

203 1447 293 1479 sus
321 1439 429 1486 est3
472 1430 600 1478 mihi
629 1448 754 1480 vero
784 1440 832 1480 et
858 1431 1057 1481 Flacco
1089 1432 1396 1498 neutiquam
1438 1433 1650 1497 probari
1689 1434 1857 1498 potuit
1934 1491 1940 1494 ,

128 1531 135 1535 -
201 1516 308 1556 tam
337 1508 604 1575 flagitiosa
632 1518 682 1558 et
718 1518 825 1558 tarn
865 1510 1071 1575 perdita
1109 1509 1292 1567 libido,
1322 1527 1460 1577 quae
1501 1527 1622 1559 cum
1659 1512 1855 1578 probro

171 1608 175 1613 ¹
202 1586 407 1651 privato
435 1586 787 1653 coniungeret
812 1587 1002 1652 imperi
1030 1589 1282 1637 dedecus.

271 1680 395 1713 XIII.
450 1678 523 1713 43.
562 1664 740 1730 Saepe
793 1666 972 1715 audivi
1025 1683 1094 1715 ex
1145 1667 1435 1717 maioribus
1474 1677 1623 1724 natu,
1667 1668 1756 1734 qui
1796 1684 1854 1718 se

202 1759 359 1807 porro
388 1760 582 1808 pueros
611 1759 640 1791 a
669 1743 886 1793 senibus
909 1745 1120 1794 audisse
1144 1745 1412 1801 dicebant,
1439 1746 1619 1795 mirari
1641 1746 1853 1796 solitum

202 1819 267 1869 C.
293 1820 625 1882 Fabricium,
646 1822 809 1887 quod,
831 1838 952 1870 cum
977 1823 1120 1887 apud
1142 1840 1325 1889 regem
1350 1822 1619 1890 Pyrrhum
1642 1824 1852 1891 legatus

202 1907 360 1955 esset,
388 1892 623 1948 audisset
650 1916 680 1947 a
706 1899 974 1949 Thessalo
996 1899 1167 1950 Cinea
1190 1918 1307 1950 esse
1329 1903 1600 1967 quendam
1625 1902 1852 1952 Athenis

200 1976 289 2041 qui
332 1993 387 2025 se
434 1977 732 2041 sapientem
779 1978 1129 2042 profiteretur,
1171 1995 1402 2045 eumque
1447 1980 1626 2029 dicere
1671 1980 1851 2030 omnia

200 2070 337 2118 quae
359 2054 660 2104 faceremus
684 2056 752 2104 ad
774 2057 1098 2120 voluptatem
1122 2073 1240 2106 esse
1263 2057 1544 2107 referenda
1565 2076 1576 2104 ε
1617 2059 1759 2124 quod
1781 2075 1850 2107 ex

200 2148 263 2180 eo
303 2133 567 2181 audientis
607 2132 702 2180 Μ’.
747 2132 970 2182 Curium
1011 2142 1061 2183 et
1098 2134 1186 2183 Ti.
1232 2134 1635 2185 Coruncanium
1664 2145 1848 2201 optare

199 2210 379 2259 solitos
418 2219 473 2258 ut
504 2210 557 2259 id
586 2209 916 2260 Samnitibus
943 2212 1150 2279 ipsique
1178 2212 1388 2279 Pyrrho
1418 2214 1844 2278 persuaderetur,

198 2304 303 2352 quo
342 2287 550 2336 facilius
584 2287 724 2336 vinci
764 2298 998 2353 possent,
1030 2291 1161 2339 cum‘
1193 2307 1250 2339 se
1278 2292 1635 2356 voluptatibus
1674 2291 1847 2357 dedis-f

198 2373 333 2413 sent.
411 2364 638 2414 Vixerat
683 2365 778 2414 Μ’.
821 2365 1018 2416 Curius
1060 2384 1183 2417 cum
1223 2367 1284 2416 P.
1333 2367 1520 2425 Decio,
1564 2368 1654 2434 qui
1693 2369 1847 2435 quin-

197 2443 431 2508 quennio
472 2452 592 2491 ante
631 2460 754 2492 eum
795 2445 1071 2493 consulem
1112 2462 1170 2494 se
1209 2462 1303 2511 pro
1331 2463 1387 2493 re
1417 2446 1630 2510 publica
1657 2454 1847 2512 quarto

197 2521 477 2568 consulatu
507 2521 813 2570 devoverat.
893 2521 1065 2571 Norat
1093 2523 1322 2571 eundem
1363 2522 1663 2580 Fabricius,
1694 2532 1848 2573 norat

197 2596 594 2655 Coruncanius,
623 2599 714 2664 qui
743 2615 867 2648 cum
896 2616 965 2648 ex
998 2616 1094 2649 sua
1120 2600 1247 2657 vita,
1277 2610 1387 2648 turn
1428 2618 1495 2648 ex
1534 2601 1648 2650 eius
1686 2618 1844 2666 quem

197 2675 316 2723 dico
345 2674 479 2723 Deci
510 2676 649 2725 facto
677 2676 987 2726 iudicabant
1014 2694 1131 2726 esse
1160 2678 1395 2743 profecto
1423 2678 1624 2744 aliquid
1657 2687 1846 2727 natura

196 2753 479 2817 pulchrum
512 2763 668 2818 atque
709 2755 1069 2818 praeclarum,
1099 2756 1241 2821 quod
1281 2771 1377 2803 sua
1417 2764 1601 2820 sponte
1641 2764 1846 2822 petere-

196 2837 297 2885 tur,
343 2831 602 2896 quodque
638 2840 816 2895 spreta
861 2840 912 2880 et
955 2841 1259 2898 contempta
1286 2833 1555 2898 voluptate
1595 2841 1844 2898 optumus

198 2908 420 2973 quisque
461 2917 784 2974 sequeretur.
1896 2954 1900 2959 .

185 2992 230 3024 [s
266 2995 338 3030 44.
380 2983 653 3049 Qorsum
693 2985 856 3053 igitur
892 2995 1000 3036 tam
1030 2988 1196 3037 multa
1223 2988 1289 3038 de
1315 2986 1620 3053 voluptate?
1696 2985 1843 3054 Qia
1917 3043 1927 3055 Α,
