<?xml version="1.0" encoding="UTF-8"?>
<!DOCTYPE html PUBLIC "-//W3C//DTD XHTML 1.0 Transitional//EN"
    "http://www.w3.org/TR/xhtml1/DTD/xhtml1-transitional.dtd">
<html xmlns="http://www.w3.org/1999/xhtml" xml:lang="en" lang="en">
 <head>
  <title>
</title>
<meta http-equiv="Content-Type" content="text/html;charset=utf-8" />
  <meta name='ocr-system' content='tesseract 3.04.00' />
  <meta name='ocr-capabilities' content='ocr_page ocr_carea ocr_par ocr_line ocrx_word'/>
</head>
<body>
  <div class='ocr_page' id='page_1' title='image "./cicerodesenectut00ciceuoft_0030.png"; bbox 0 0 2046 3184; ppageno 0'>
   <div class='ocr_carea' id='block_1_1' title="bbox 139 102 1939 3054">
    <p class='ocr_par' dir='ltr' id='par_1_1' title="bbox 215 102 1939 958">
     <span class='ocr_line' id='line_1_1' title="bbox 226 102 1867 175; baseline 0.001 -24"><span class='ocrx_word' id='word_1_1' title='bbox 226 102 287 152; x_wconf 88' lang='lat'>18</span> <span class='ocrx_word' id='word_1_2' title='bbox 795 102 878 153; x_wconf 83' lang='lat' dir='ltr'>On</span> <span class='ocrx_word' id='word_1_3' title='bbox 926 103 1036 154; x_wconf 88' lang='lat' dir='ltr'>Old</span> <span class='ocrx_word' id='word_1_4' title='bbox 1068 104 1212 175; x_wconf 80' lang='lat' dir='ltr'>Age.</span> <span class='ocrx_word' id='word_1_5' title='bbox 1412 140 1413 143; x_wconf 17' lang='grc' dir='ltr'>η</span> <span class='ocrx_word' id='word_1_6' title='bbox 1585 107 1720 163; x_wconf 53' lang='lat' dir='ltr'>[Car.</span> <span class='ocrx_word' id='word_1_7' title='bbox 1745 109 1867 162; x_wconf 85' lang='lat' dir='ltr'><strong>MAJ.</strong></span> 
     </span>
     <span class='ocr_line' id='line_1_2' title="bbox 221 216 1869 327; baseline 0.004 -21"><span class='ocrx_word' id='word_1_8' title='bbox 221 274 381 307; x_wconf 90' lang='lat' dir='ltr'>sensu</span> <span class='ocrx_word' id='word_1_9' title='bbox 409 266 755 307; x_wconf 88' lang='lat' dir='ltr'>senectutem.</span> <span class='ocrx_word' id='word_1_10' title='bbox 834 257 929 307; x_wconf 89' lang='lat' dir='ltr'>Me</span> <span class='ocrx_word' id='word_1_11' title='bbox 955 275 1081 309; x_wconf 89' lang='lat' dir='ltr'>vero</span> <span class='ocrx_word' id='word_1_12' title='bbox 1110 267 1159 308; x_wconf 93' lang='lat' dir='ltr'>et</span> <span class='ocrx_word' id='word_1_13' title='bbox 1187 216 1495 327; x_wconf 60' lang='lat' dir='ltr'>magisteria</span> <span class='ocrx_word' id='word_1_14' title='bbox 1535 261 1801 312; x_wconf 84' lang='lat' dir='ltr'>delectant</span> <span class='ocrx_word' id='word_1_15' title='bbox 1837 278 1869 312; x_wconf 89' lang='lat' dir='ltr'>a</span> 
     </span>
     <span class='ocr_line' id='line_1_3' title="bbox 220 335 1868 404; baseline 0.005 -21"><span class='ocrx_word' id='word_1_16' title='bbox 220 335 511 402; x_wconf 87' lang='lat' dir='ltr'>majoribus</span> <span class='ocrx_word' id='word_1_17' title='bbox 539 335 805 392; x_wconf 82' lang='lat' dir='ltr'>instituta3</span> <span class='ocrx_word' id='word_1_18' title='bbox 845 345 897 385; x_wconf 91' lang='lat' dir='ltr'>et</span> <span class='ocrx_word' id='word_1_19' title='bbox 922 337 966 386; x_wconf 93' lang='lat' dir='ltr'>is</span> <span class='ocrx_word' id='word_1_20' title='bbox 1006 354 1180 387; x_wconf 90' lang='lat' dir='ltr'>sermo</span> <span class='ocrx_word' id='word_1_21' title='bbox 1219 338 1310 404; x_wconf 90' lang='lat' dir='ltr'>qui</span> <span class='ocrx_word' id='word_1_22' title='bbox 1349 355 1497 389; x_wconf 88' lang='lat' dir='ltr'>more</span> <span class='ocrx_word' id='word_1_23' title='bbox 1535 339 1798 391; x_wconf 86' lang='lat' dir='ltr'>maiorum</span> <span class='ocrx_word' id='word_1_24' title='bbox 1837 357 1868 390; x_wconf 87' lang='lat' dir='ltr'>a</span> 
     </span>
     <span class='ocr_line' id='line_1_4' title="bbox 220 414 1866 484; baseline 0.005 -24"><span class='ocrx_word' id='word_1_25' title='bbox 220 430 429 462; x_wconf 86' lang='lat' dir='ltr'>summo</span> <span class='ocrx_word' id='word_1_26' title='bbox 452 414 735 462; x_wconf 80' lang='lat' dir='ltr'>adhibetur</span> <span class='ocrx_word' id='word_1_27' title='bbox 755 414 810 461; x_wconf 91' lang='lat' dir='ltr'>in</span> <span class='ocrx_word' id='word_1_28' title='bbox 832 415 1025 479; x_wconf 91' lang='lat' dir='ltr'>poculo</span> <span class='ocrx_word' id='word_1_29' title='bbox 1046 432 1057 471; x_wconf 84' lang='lat'><em>3</em></span> <span class='ocrx_word' id='word_1_30' title='bbox 1096 423 1146 464; x_wconf 93' lang='lat' dir='ltr'>et</span> <span class='ocrx_word' id='word_1_31' title='bbox 1167 417 1380 480; x_wconf 90' lang='lat' dir='ltr'>pocula,</span> <span class='ocrx_word' id='word_1_32' title='bbox 1402 417 1538 466; x_wconf 92' lang='lat' dir='ltr'>sicut</span> <span class='ocrx_word' id='word_1_33' title='bbox 1557 417 1613 468; x_wconf 90' lang='lat' dir='ltr'>in</span> <span class='ocrx_word' id='word_1_34' title='bbox 1639 417 1866 484; x_wconf 77' lang='lat' dir='ltr'>Sympo-</span> 
     </span>
     <span class='ocr_line' id='line_1_5' title="bbox 216 490 1939 564; baseline 0.005 -26"><span class='ocrx_word' id='word_1_35' title='bbox 216 492 293 538; x_wconf 72' lang='grc' dir='ltr'>5ίο</span> <span class='ocrx_word' id='word_1_36' title='bbox 321 490 696 556; x_wconf 78' lang='lat' dir='ltr'>Xenophontis</span> <span class='ocrx_word' id='word_1_37' title='bbox 724 500 819 549; x_wconf 92' lang='lat' dir='ltr'>est,</span> <span class='ocrx_word' id='word_1_38' title='bbox 851 492 1054 541; x_wconf 90' lang='lat' dir='ltr'>minuta</span> <span class='ocrx_word' id='word_1_39' title='bbox 1082 501 1239 559; x_wconf 90' lang='lat' dir='ltr'>atque</span> <span class='ocrx_word' id='word_1_40' title='bbox 1277 494 1530 553; x_wconf 90' lang='lat' dir='ltr'>rorantia,</span> <span class='ocrx_word' id='word_1_41' title='bbox 1560 503 1612 546; x_wconf 86' lang='lat' dir='ltr'>et</span> <span class='ocrx_word' id='word_1_42' title='bbox 1645 495 1868 564; x_wconf 86' lang='lat' dir='ltr'>refrige-</span> <span class='ocrx_word' id='word_1_43' title='bbox 1935 561 1939 564; x_wconf 83' lang='lat'>.</span> 
     </span>
     <span class='ocr_line' id='line_1_6' title="bbox 217 569 1862 639; baseline 0.005 -23"><span class='ocrx_word' id='word_1_44' title='bbox 217 569 348 618; x_wconf 88' lang='lat' dir='ltr'>ratio</span> <span class='ocrx_word' id='word_1_45' title='bbox 392 578 611 627; x_wconf 79' lang='lat' dir='ltr'>aestate,</span> <span class='ocrx_word' id='word_1_46' title='bbox 655 577 706 618; x_wconf 92' lang='lat' dir='ltr'>et</span> <span class='ocrx_word' id='word_1_47' title='bbox 739 569 977 618; x_wconf 85' lang='lat' dir='ltr'>vicissim</span> <span class='ocrx_word' id='word_1_48' title='bbox 1021 579 1111 619; x_wconf 90' lang='lat' dir='ltr'>aut</span> <span class='ocrx_word' id='word_1_49' title='bbox 1151 571 1231 620; x_wconf 91' lang='lat' dir='ltr'>sol</span> <span class='ocrx_word' id='word_1_50' title='bbox 1273 579 1364 621; x_wconf 90' lang='lat' dir='ltr'>aut</span> <span class='ocrx_word' id='word_1_51' title='bbox 1404 572 1546 639; x_wconf 85' lang='lat' dir='ltr'>ignis</span> <span class='ocrx_word' id='word_1_52' title='bbox 1587 572 1862 624; x_wconf 88' lang='lat' dir='ltr'>hibernus.</span> 
     </span>
     <span class='ocr_line' id='line_1_7' title="bbox 220 644 1867 716; baseline 0.005 -22"><span class='ocrx_word' id='word_1_53' title='bbox 220 644 377 711; x_wconf 78' lang='lat' dir='ltr'>Qae</span> <span class='ocrx_word' id='word_1_54' title='bbox 406 647 622 712; x_wconf 87' lang='lat' dir='ltr'>quidem</span> <span class='ocrx_word' id='word_1_55' title='bbox 645 646 805 695; x_wconf 91' lang='lat' dir='ltr'>etiam</span> <span class='ocrx_word' id='word_1_56' title='bbox 832 647 886 695; x_wconf 93' lang='lat' dir='ltr'>in</span> <span class='ocrx_word' id='word_1_57' title='bbox 915 647 1131 698; x_wconf 80' lang='lat' dir='ltr'>Sabinis</span> <span class='ocrx_word' id='word_1_58' title='bbox 1157 650 1406 716; x_wconf 85' lang='lat' dir='ltr'>persequi</span> <span class='ocrx_word' id='word_1_59' title='bbox 1436 651 1602 708; x_wconf 87' lang='lat' dir='ltr'>soleo,</span> <span class='ocrx_word' id='word_1_60' title='bbox 1627 651 1867 702; x_wconf 89' lang='lat' dir='ltr'>convivi-</span> 
     </span>
     <span class='ocr_line' id='line_1_8' title="bbox 215 707 1866 794; baseline 0.005 -23"><span class='ocrx_word' id='word_1_61' title='bbox 215 741 413 790; x_wconf 87' lang='lat' dir='ltr'>umque</span> <span class='ocrx_word' id='word_1_62' title='bbox 452 725 751 774; x_wconf 84' lang='lat' dir='ltr'>vicinorum</span> <span class='ocrx_word' id='word_1_63' title='bbox 803 725 996 775; x_wconf 86' lang='lat' dir='ltr'>cotidie</span> <span class='ocrx_word' id='word_1_64' title='bbox 1048 707 1293 792; x_wconf 55' lang='lat' dir='ltr'>coripleO,</span> <span class='ocrx_word' id='word_1_65' title='bbox 1334 711 1506 794; x_wconf 45' lang='lat' dir='ltr'>quod!</span> <span class='ocrx_word' id='word_1_66' title='bbox 1530 729 1599 778; x_wconf 92' lang='lat' dir='ltr'>ad</span> <span class='ocrx_word' id='word_1_67' title='bbox 1644 729 1866 780; x_wconf 88' lang='lat' dir='ltr'>multam</span> 
     </span>
     <span class='ocr_line' id='line_1_9' title="bbox 218 802 1866 872; baseline 0.005 -22"><span class='ocrx_word' id='word_1_68' title='bbox 218 811 425 850; x_wconf 91' lang='lat' dir='ltr'>noctem</span> <span class='ocrx_word' id='word_1_69' title='bbox 456 819 619 869; x_wconf 90' lang='lat' dir='ltr'>quam</span> <span class='ocrx_word' id='word_1_70' title='bbox 646 802 881 853; x_wconf 79' lang='lat' dir='ltr'>maxime</span> <span class='ocrx_word' id='word_1_71' title='bbox 908 821 1194 869; x_wconf 86' lang='lat' dir='ltr'>possumus</span> <span class='ocrx_word' id='word_1_72' title='bbox 1220 805 1370 856; x_wconf 90' lang='lat' dir='ltr'>vario</span> <span class='ocrx_word' id='word_1_73' title='bbox 1398 816 1644 857; x_wconf 82' lang='lat' dir='ltr'>sermone</span> <span class='ocrx_word' id='word_1_74' title='bbox 1671 808 1866 872; x_wconf 91' lang='lat' dir='ltr'>produ-</span> 
     </span>
     <span class='ocr_line' id='line_1_10' title="bbox 221 897 1583 958; baseline 0.001 -30"><span class='ocrx_word' id='word_1_75' title='bbox 221 897 407 929; x_wconf 76' lang='lat' dir='ltr'>ClanS·</span> <span class='ocrx_word' id='word_1_76' title='bbox 1556 938 1583 958; x_wconf 41' lang='grc' dir='ltr'><em>ν</em></span> 
     </span>
    </p>

    <p class='ocr_par' dir='ltr' id='par_1_2' title="bbox 139 959 1935 2374">
     <span class='ocr_line' id='line_1_11' title="bbox 285 959 1865 1030; baseline 0.005 -23"><span class='ocrx_word' id='word_1_77' title='bbox 285 972 355 1008; x_wconf 67' lang='grc'>47.</span> <span class='ocrx_word' id='word_1_78' title='bbox 396 968 408 989; x_wconf 77' lang='lat'><strong>⁶</strong></span> <span class='ocrx_word' id='word_1_79' title='bbox 430 959 504 1009; x_wconf 87' lang='lat' dir='ltr'>At</span> <span class='ocrx_word' id='word_1_80' title='bbox 541 977 649 1010; x_wconf 90' lang='lat' dir='ltr'>non</span> <span class='ocrx_word' id='word_1_81' title='bbox 688 969 767 1010; x_wconf 93' lang='lat' dir='ltr'>est</span> <span class='ocrx_word' id='word_1_82' title='bbox 797 962 1130 1027; x_wconf 88' lang='lat' dir='ltr'>voluptatum</span> <span class='ocrx_word' id='word_1_83' title='bbox 1168 970 1315 1012; x_wconf 91' lang='lat' dir='ltr'>tanta</span> <span class='ocrx_word' id='word_1_84' title='bbox 1354 963 1508 1030; x_wconf 88' lang='lat' dir='ltr'>quasi</span> <span class='ocrx_word' id='word_1_85' title='bbox 1546 963 1772 1015; x_wconf 90' lang='lat' dir='ltr'>titillatio</span> <span class='ocrx_word' id='word_1_86' title='bbox 1811 964 1865 1015; x_wconf 91' lang='lat' dir='ltr'>in</span> 
     </span>
     <span class='ocr_line' id='line_1_12' title="bbox 222 1037 1866 1108; baseline 0.006 -26"><span class='ocrx_word' id='word_1_87' title='bbox 222 1038 472 1089; x_wconf 56' lang='lat' dir='ltr'>senibus?</span> <span class='ocrx_word' id='word_1_88' title='bbox 546 1037 758 1089; x_wconf 86' lang='lat' dir='ltr'>Credo:</span> <span class='ocrx_word' id='word_1_89' title='bbox 801 1040 895 1089; x_wconf 87' lang='lat' dir='ltr'>sed</span> <span class='ocrx_word' id='word_1_90' title='bbox 934 1056 1001 1089; x_wconf 92' lang='lat' dir='ltr'>ne</span> <span class='ocrx_word' id='word_1_91' title='bbox 1039 1040 1372 1090; x_wconf 90' lang='lat' dir='ltr'>desideratur</span> <span class='ocrx_word' id='word_1_92' title='bbox 1398 1042 1635 1108; x_wconf 87' lang='lat' dir='ltr'>quidem.</span> <span class='ocrx_word' id='word_1_93' title='bbox 1712 1042 1866 1092; x_wconf 89' lang='lat' dir='ltr'>Nihil</span> 
     </span>
     <span class='ocr_line' id='line_1_13' title="bbox 217 1117 1935 1186; baseline 0.003 -19"><span class='ocrx_word' id='word_1_94' title='bbox 217 1125 392 1167; x_wconf 79' lang='lat' dir='ltr'>autem</span> <span class='ocrx_word' id='word_1_95' title='bbox 416 1124 493 1165; x_wconf 92' lang='lat' dir='ltr'>est</span> <span class='ocrx_word' id='word_1_96' title='bbox 514 1117 795 1166; x_wconf 90' lang='lat' dir='ltr'>molestum</span> <span class='ocrx_word' id='word_1_97' title='bbox 818 1118 960 1183; x_wconf 88' lang='lat' dir='ltr'>quod</span> <span class='ocrx_word' id='word_1_98' title='bbox 982 1135 1088 1168; x_wconf 91' lang='lat' dir='ltr'>non</span> <span class='ocrx_word' id='word_1_99' title='bbox 1110 1119 1401 1169; x_wconf 86' lang='lat' dir='ltr'>desideres.</span> <span class='ocrx_word' id='word_1_100' title='bbox 1480 1118 1628 1170; x_wconf 87' lang='lat' dir='ltr'>Bene</span> <span class='ocrx_word' id='word_1_101' title='bbox 1657 1119 1867 1186; x_wconf 83' lang='lat' dir='ltr'>Sopho·</span> <span class='ocrx_word' id='word_1_102' title='bbox 1910 1120 1935 1144; x_wconf 64' lang='lat'><strong>²</strong></span> 
     </span>
     <span class='ocr_line' id='line_1_14' title="bbox 217 1195 1864 1265; baseline 0.004 -22"><span class='ocrx_word' id='word_1_103' title='bbox 217 1195 347 1252; x_wconf 83' lang='lat' dir='ltr'>cleS,</span> <span class='ocrx_word' id='word_1_104' title='bbox 379 1212 500 1244; x_wconf 92' lang='lat' dir='ltr'>cum</span> <span class='ocrx_word' id='word_1_105' title='bbox 529 1213 597 1244; x_wconf 82' lang='lat' dir='ltr'>ex</span> <span class='ocrx_word' id='word_1_106' title='bbox 624 1213 686 1245; x_wconf 92' lang='lat' dir='ltr'>eo</span> <span class='ocrx_word' id='word_1_107' title='bbox 714 1196 931 1262; x_wconf 88' lang='lat' dir='ltr'>quidam</span> <span class='ocrx_word' id='word_1_108' title='bbox 973 1196 1078 1245; x_wconf 87' lang='lat' dir='ltr'>iam</span> <span class='ocrx_word' id='word_1_109' title='bbox 1108 1196 1318 1247; x_wconf 90' lang='lat' dir='ltr'>adfecto</span> <span class='ocrx_word' id='word_1_110' title='bbox 1352 1206 1523 1256; x_wconf 80' lang='lat' dir='ltr'>aetate</span> <span class='ocrx_word' id='word_1_111' title='bbox 1561 1207 1864 1265; x_wconf 87' lang='lat' dir='ltr'>quaereret,</span> 
     </span>
     <span class='ocr_line' id='line_1_15' title="bbox 219 1274 1922 1344; baseline 0.004 -23"><span class='ocrx_word' id='word_1_112' title='bbox 219 1281 517 1322; x_wconf 86' lang='lat' dir='ltr'>utereturne</span> <span class='ocrx_word' id='word_1_113' title='bbox 539 1274 697 1323; x_wconf 89' lang='lat' dir='ltr'>rebus</span> <span class='ocrx_word' id='word_1_114' title='bbox 720 1274 949 1324; x_wconf 87' lang='lat' dir='ltr'>veneriis</span> <span class='ocrx_word' id='word_1_115' title='bbox 970 1292 982 1323; x_wconf 72' lang='grc' dir='ltr'><strong><em>ε</em></strong></span> <span class='ocrx_word' id='word_1_116' title='bbox 1027 1285 1039 1305; x_wconf 79' lang='lat'><strong>⁶</strong></span> <span class='ocrx_word' id='word_1_117' title='bbox 1061 1274 1131 1324; x_wconf 91' lang='lat' dir='ltr'>Di</span> <span class='ocrx_word' id='word_1_118' title='bbox 1156 1275 1377 1325; x_wconf 87' lang='lat' dir='ltr'>meliora</span> <span class='ocrx_word' id='word_1_119' title='bbox 1399 1275 1410 1324; x_wconf 78' lang='lat' dir='ltr'>l</span> <span class='ocrx_word' id='word_1_120' title='bbox 1429 1277 1441 1294; x_wconf 87' lang='lat'>&#39;</span> <span class='ocrx_word' id='word_1_121' title='bbox 1480 1276 1682 1343; x_wconf 89' lang='lat' dir='ltr'>inquit:</span> <span class='ocrx_word' id='word_1_122' title='bbox 1727 1285 1739 1307; x_wconf 92' lang='lat'>‘</span> <span class='ocrx_word' id='word_1_123' title='bbox 1762 1294 1866 1344; x_wconf 89' lang='lat' dir='ltr'>ego</span> <span class='ocrx_word' id='word_1_124' title='bbox 1915 1297 1922 1300; x_wconf 56' lang='lat'><strong>⁴</strong></span> 
     </span>
     <span class='ocr_line' id='line_1_16' title="bbox 218 1334 1866 1423; baseline 0.002 -23"><span class='ocrx_word' id='word_1_125' title='bbox 218 1369 342 1401; x_wconf 79' lang='lat' dir='ltr'>vero</span> <span class='ocrx_word' id='word_1_126' title='bbox 369 1351 524 1401; x_wconf 88' lang='lat' dir='ltr'>istinc</span> <span class='ocrx_word' id='word_1_127' title='bbox 551 1352 686 1402; x_wconf 89' lang='lat' dir='ltr'>sicut</span> <span class='ocrx_word' id='word_1_128' title='bbox 714 1367 744 1402; x_wconf 86' lang='lat' dir='ltr'>a</span> <span class='ocrx_word' id='word_1_129' title='bbox 777 1353 994 1403; x_wconf 91' lang='lat' dir='ltr'>domino</span> <span class='ocrx_word' id='word_1_130' title='bbox 1034 1354 1234 1421; x_wconf 84' lang='lat' dir='ltr'>agresti</span> <span class='ocrx_word' id='word_1_131' title='bbox 1274 1370 1339 1404; x_wconf 91' lang='lat' dir='ltr'>ac</span> <span class='ocrx_word' id='word_1_132' title='bbox 1377 1334 1575 1405; x_wconf 66' lang='lat' dir='ltr'>fu1³ioso</span> <span class='ocrx_word' id='word_1_133' title='bbox 1613 1355 1866 1423; x_wconf 85' lang='lat' dir='ltr'>profugi.&#39;</span> 
     </span>
     <span class='ocr_line' id='line_1_17' title="bbox 216 1405 1867 1494; baseline 0.004 -16"><span class='ocrx_word' id='word_1_134' title='bbox 216 1405 442 1494; x_wconf 57' lang='lat' dir='ltr'>Cispidis</span> <span class='ocrx_word' id='word_1_135' title='bbox 482 1431 623 1479; x_wconf 93' lang='lat' dir='ltr'>enim</span> <span class='ocrx_word' id='word_1_136' title='bbox 651 1447 830 1480; x_wconf 90' lang='lat' dir='ltr'>rerum</span> <span class='ocrx_word' id='word_1_137' title='bbox 858 1422 1057 1480; x_wconf 58' lang='lat' dir='ltr'>talium‘</span> <span class='ocrx_word' id='word_1_138' title='bbox 1072 1431 1317 1482; x_wconf 88' lang='lat' dir='ltr'>odiosum</span> <span class='ocrx_word' id='word_1_139' title='bbox 1346 1431 1570 1483; x_wconf 88' lang='lat' dir='ltr'>fortasse</span> <span class='ocrx_word' id='word_1_140' title='bbox 1597 1442 1647 1483; x_wconf 89' lang='lat' dir='ltr'>et</span> <span class='ocrx_word' id='word_1_141' title='bbox 1673 1434 1867 1484; x_wconf 85' lang='lat' dir='ltr'>moles-</span> 
     </span>
     <span class='ocr_line' id='line_1_18' title="bbox 219 1509 1868 1575; baseline 0.004 -19"><span class='ocrx_word' id='word_1_142' title='bbox 219 1520 327 1556; x_wconf 87' lang='lat' dir='ltr'>tum</span> <span class='ocrx_word' id='word_1_143' title='bbox 356 1516 434 1558; x_wconf 91' lang='lat' dir='ltr'>est</span> <span class='ocrx_word' id='word_1_144' title='bbox 461 1525 643 1558; x_wconf 86' lang='lat' dir='ltr'>carere</span> <span class='ocrx_word' id='word_1_145' title='bbox 664 1526 676 1566; x_wconf 86' lang='lat'>3</span> <span class='ocrx_word' id='word_1_146' title='bbox 718 1509 919 1558; x_wconf 89' lang='lat' dir='ltr'>satiatis</span> <span class='ocrx_word' id='word_1_147' title='bbox 945 1526 1073 1559; x_wconf 90' lang='lat' dir='ltr'>vero</span> <span class='ocrx_word' id='word_1_148' title='bbox 1109 1518 1160 1559; x_wconf 93' lang='lat' dir='ltr'>et</span> <span class='ocrx_word' id='word_1_149' title='bbox 1197 1511 1424 1575; x_wconf 83' lang='lat' dir='ltr'>expletis</span> <span class='ocrx_word' id='word_1_150' title='bbox 1464 1510 1749 1561; x_wconf 88' lang='lat' dir='ltr'>iucundius</span> <span class='ocrx_word' id='word_1_151' title='bbox 1788 1519 1868 1562; x_wconf 80' lang='lat' dir='ltr'>est</span> 
     </span>
     <span class='ocr_line' id='line_1_19' title="bbox 217 1585 1868 1656; baseline 0.003 -22"><span class='ocrx_word' id='word_1_152' title='bbox 217 1602 399 1635; x_wconf 90' lang='lat' dir='ltr'>carere</span> <span class='ocrx_word' id='word_1_153' title='bbox 427 1603 590 1652; x_wconf 87' lang='lat' dir='ltr'>quam</span> <span class='ocrx_word' id='word_1_154' title='bbox 626 1586 747 1636; x_wconf 87' lang='lat' dir='ltr'>frui.</span> <span class='ocrx_word' id='word_1_155' title='bbox 829 1585 1178 1653; x_wconf 79' lang='lat' dir='ltr'>Qamquam</span> <span class='ocrx_word' id='word_1_156' title='bbox 1218 1605 1324 1638; x_wconf 92' lang='lat' dir='ltr'>non</span> <span class='ocrx_word' id='word_1_157' title='bbox 1365 1597 1510 1638; x_wconf 87' lang='lat' dir='ltr'>caret</span> <span class='ocrx_word' id='word_1_158' title='bbox 1546 1588 1590 1638; x_wconf 91' lang='lat' dir='ltr'>is</span> <span class='ocrx_word' id='word_1_159' title='bbox 1629 1589 1721 1656; x_wconf 85' lang='lat' dir='ltr'>qui</span> <span class='ocrx_word' id='word_1_160' title='bbox 1757 1605 1868 1654; x_wconf 88' lang='lat' dir='ltr'>non</span> 
     </span>
     <span class='ocr_line' id='line_1_20' title="bbox 216 1662 1861 1731; baseline 0.002 -17"><span class='ocrx_word' id='word_1_161' title='bbox 216 1663 515 1714; x_wconf 88' lang='lat' dir='ltr'>desiderat:</span> <span class='ocrx_word' id='word_1_162' title='bbox 556 1681 687 1731; x_wconf 85' lang='lat' dir='ltr'>ergo</span> <span class='ocrx_word' id='word_1_163' title='bbox 729 1682 835 1714; x_wconf 92' lang='lat' dir='ltr'>non</span> <span class='ocrx_word' id='word_1_164' title='bbox 878 1665 1184 1715; x_wconf 89' lang='lat' dir='ltr'>desiderare</span> <span class='ocrx_word' id='word_1_165' title='bbox 1229 1666 1348 1716; x_wconf 93' lang='lat' dir='ltr'>dico</span> <span class='ocrx_word' id='word_1_166' title='bbox 1394 1682 1511 1717; x_wconf 90' lang='lat' dir='ltr'>esse</span> <span class='ocrx_word' id='word_1_167' title='bbox 1556 1662 1861 1721; x_wconf 79' lang='lat' dir='ltr'>iucundius.</span> 
     </span>
     <span class='ocr_line' id='line_1_21' title="bbox 139 1733 1868 1809; baseline 0.001 -17"><span class='ocrx_word' id='word_1_168' title='bbox 139 1764 144 1778; x_wconf 74' lang='lat'>=</span> <span class='ocrx_word' id='word_1_169' title='bbox 214 1756 285 1793; x_wconf 73' lang='lat'>48.</span> <span class='ocrx_word' id='word_1_170' title='bbox 326 1741 490 1806; x_wconf 81' lang='lat' dir='ltr'>Qod</span> <span class='ocrx_word' id='word_1_171' title='bbox 522 1743 565 1792; x_wconf 92' lang='lat' dir='ltr'>si</span> <span class='ocrx_word' id='word_1_172' title='bbox 603 1743 716 1793; x_wconf 88' lang='lat' dir='ltr'>istis</span> <span class='ocrx_word' id='word_1_173' title='bbox 755 1743 884 1809; x_wconf 88' lang='lat' dir='ltr'>ipsis</span> <span class='ocrx_word' id='word_1_174' title='bbox 911 1743 1272 1808; x_wconf 89' lang='lat' dir='ltr'>voluptatibus</span> <span class='ocrx_word' id='word_1_175' title='bbox 1310 1744 1451 1794; x_wconf 92' lang='lat' dir='ltr'>bona</span> <span class='ocrx_word' id='word_1_176' title='bbox 1477 1733 1637 1794; x_wconf 64' lang='lat' dir='ltr'>‘aetas</span> <span class='ocrx_word' id='word_1_177' title='bbox 1677 1744 1868 1794; x_wconf 84' lang='lat' dir='ltr'>fruitur</span> 
     </span>
     <span class='ocr_line' id='line_1_22' title="bbox 215 1821 1867 1886; baseline 0.001 -15"><span class='ocrx_word' id='word_1_178' title='bbox 215 1821 483 1878; x_wconf 75' lang='lat' dir='ltr'>libentius,</span> <span class='ocrx_word' id='word_1_179' title='bbox 519 1821 750 1886; x_wconf 89' lang='lat' dir='ltr'>primum</span> <span class='ocrx_word' id='word_1_180' title='bbox 791 1821 1024 1886; x_wconf 89' lang='lat' dir='ltr'>parvolis</span> <span class='ocrx_word' id='word_1_181' title='bbox 1063 1821 1252 1871; x_wconf 88' lang='lat' dir='ltr'>fruitur</span> <span class='ocrx_word' id='word_1_182' title='bbox 1290 1823 1469 1879; x_wconf 92' lang='lat' dir='ltr'>rebus,</span> <span class='ocrx_word' id='word_1_183' title='bbox 1498 1830 1556 1871; x_wconf 95' lang='lat' dir='ltr'>ut</span> <span class='ocrx_word' id='word_1_184' title='bbox 1594 1822 1867 1879; x_wconf 76' lang='lat' dir='ltr'>diximus3</span> 
     </span>
     <span class='ocr_line' id='line_1_23' title="bbox 215 1898 1864 1965; baseline 0 -16"><span class='ocrx_word' id='word_1_185' title='bbox 215 1899 409 1949; x_wconf 88' lang='lat' dir='ltr'>deinde</span> <span class='ocrx_word' id='word_1_186' title='bbox 431 1898 493 1947; x_wconf 93' lang='lat' dir='ltr'>iis</span> <span class='ocrx_word' id='word_1_187' title='bbox 516 1899 708 1965; x_wconf 90' lang='lat' dir='ltr'>quibus</span> <span class='ocrx_word' id='word_1_188' title='bbox 730 1909 998 1957; x_wconf 75' lang='lat' dir='ltr'>senectUS‚</span> <span class='ocrx_word' id='word_1_189' title='bbox 1024 1899 1183 1948; x_wconf 90' lang='lat' dir='ltr'>etiam</span> <span class='ocrx_word' id='word_1_190' title='bbox 1207 1899 1251 1949; x_wconf 92' lang='lat' dir='ltr'>si</span> <span class='ocrx_word' id='word_1_191' title='bbox 1274 1917 1380 1949; x_wconf 93' lang='lat' dir='ltr'>non</span> <span class='ocrx_word' id='word_1_192' title='bbox 1404 1900 1627 1950; x_wconf 60' lang='lat' dir='ltr'>abunde,</span> <span class='ocrx_word' id='word_1_193' title='bbox 1646 1900 1864 1965; x_wconf 88' lang='lat' dir='ltr'>potitur,</span> 
     </span>
     <span class='ocr_line' id='line_1_24' title="bbox 216 1975 1866 2044; baseline 0.001 -18"><span class='ocrx_word' id='word_1_194' title='bbox 216 1995 322 2026; x_wconf 89' lang='lat' dir='ltr'>non</span> <span class='ocrx_word' id='word_1_195' title='bbox 349 1976 567 2027; x_wconf 91' lang='lat' dir='ltr'>omnino</span> <span class='ocrx_word' id='word_1_196' title='bbox 589 1986 751 2026; x_wconf 88' lang='lat' dir='ltr'>caret.</span> <span class='ocrx_word' id='word_1_197' title='bbox 818 1976 892 2027; x_wconf 88' lang='lat' dir='ltr'>Ut</span> <span class='ocrx_word' id='word_1_198' title='bbox 917 1977 1194 2042; x_wconf 87' lang='lat' dir='ltr'>Turpione</span> <span class='ocrx_word' id='word_1_199' title='bbox 1217 1975 1470 2027; x_wconf 89' lang='lat' dir='ltr'>Ambivio</span> <span class='ocrx_word' id='word_1_200' title='bbox 1492 1977 1666 2044; x_wconf 86' lang='lat' dir='ltr'>magis</span> <span class='ocrx_word' id='word_1_201' title='bbox 1687 1977 1866 2028; x_wconf 87' lang='lat' dir='ltr'>delec-</span> 
     </span>
     <span class='ocr_line' id='line_1_25' title="bbox 217 2054 1865 2121; baseline 0 -16"><span class='ocrx_word' id='word_1_202' title='bbox 217 2064 352 2105; x_wconf 87' lang='lat' dir='ltr'>tatur</span> <span class='ocrx_word' id='word_1_203' title='bbox 372 2054 461 2121; x_wconf 89' lang='lat' dir='ltr'>qui</span> <span class='ocrx_word' id='word_1_204' title='bbox 483 2054 538 2103; x_wconf 91' lang='lat' dir='ltr'>in</span> <span class='ocrx_word' id='word_1_205' title='bbox 561 2055 732 2119; x_wconf 88' lang='lat' dir='ltr'>prima</span> <span class='ocrx_word' id='word_1_206' title='bbox 754 2071 921 2104; x_wconf 87' lang='lat' dir='ltr'>cavea</span> <span class='ocrx_word' id='word_1_207' title='bbox 943 2063 1167 2120; x_wconf 83' lang='lat' dir='ltr'>spectat,</span> <span class='ocrx_word' id='word_1_208' title='bbox 1190 2055 1486 2105; x_wconf 86' lang='lat' dir='ltr'>delectatur</span> <span class='ocrx_word' id='word_1_209' title='bbox 1502 2063 1681 2105; x_wconf 91' lang='lat' dir='ltr'>tamen</span> <span class='ocrx_word' id='word_1_210' title='bbox 1700 2055 1865 2106; x_wconf 83' lang='lat' dir='ltr'>etiarn</span> 
     </span>
     <span class='ocr_line' id='line_1_26' title="bbox 215 2105 1866 2200; baseline 0.001 -18"><span class='ocrx_word' id='word_1_211' title='bbox 215 2134 304 2200; x_wconf 90' lang='lat' dir='ltr'>qui</span> <span class='ocrx_word' id='word_1_212' title='bbox 331 2133 382 2182; x_wconf 90' lang='lat' dir='ltr'>in</span> <span class='ocrx_word' id='word_1_213' title='bbox 412 2133 630 2188; x_wconf 84' lang='lat' dir='ltr'>ultima3</span> <span class='ocrx_word' id='word_1_214' title='bbox 672 2113 1159 2195; x_wconf 72' lang='lat' dir='ltr'>sicadulescentia</span> <span class='ocrx_word' id='word_1_215' title='bbox 1191 2134 1492 2199; x_wconf 91' lang='lat' dir='ltr'>voluptates</span> <span class='ocrx_word' id='word_1_216' title='bbox 1532 2105 1866 2199; x_wconf 53' lang='lat' dir='ltr'>prsspterin&#39;-</span> 
     </span>
     <span class='ocr_line' id='line_1_27' title="bbox 218 2203 1866 2277; baseline 0 -17"><span class='ocrx_word' id='word_1_217' title='bbox 218 2225 369 2261; x_wconf 85' lang='lat' dir='ltr'>tuens</span> <span class='ocrx_word' id='word_1_218' title='bbox 421 2210 594 2277; x_wconf 86' lang='lat' dir='ltr'>magis</span> <span class='ocrx_word' id='word_1_219' title='bbox 646 2210 869 2260; x_wconf 90' lang='lat' dir='ltr'>fortasse</span> <span class='ocrx_word' id='word_1_220' title='bbox 921 2211 1169 2269; x_wconf 89' lang='lat' dir='ltr'>laetatur,</span> <span class='ocrx_word' id='word_1_221' title='bbox 1214 2212 1311 2261; x_wconf 87' lang='lat' dir='ltr'>sed</span> <span class='ocrx_word' id='word_1_222' title='bbox 1361 2203 1658 2262; x_wconf 74' lang='lat' dir='ltr'>delectatur</span> <span class='ocrx_word' id='word_1_223' title='bbox 1701 2211 1866 2261; x_wconf 55' lang='lat' dir='ltr'>&lt;etiam</span> 
     </span>
     <span class='ocr_line' id='line_1_28' title="bbox 215 2289 1843 2374; baseline -0.001 -34"><span class='ocrx_word' id='word_1_224' title='bbox 215 2296 462 2340; x_wconf 89' lang='lat' dir='ltr'>senectus</span> <span class='ocrx_word' id='word_1_225' title='bbox 489 2289 675 2354; x_wconf 90' lang='lat' dir='ltr'>procul</span> <span class='ocrx_word' id='word_1_226' title='bbox 703 2305 794 2374; x_wconf 49' lang='lat' dir='ltr'>eas</span> <span class='ocrx_word' id='word_1_227' title='bbox 821 2296 1092 2355; x_wconf 89' lang='lat' dir='ltr'>spectans,</span> <span class='ocrx_word' id='word_1_228' title='bbox 1122 2297 1327 2339; x_wconf 90' lang='lat' dir='ltr'>tantum</span> <span class='ocrx_word' id='word_1_229' title='bbox 1353 2298 1611 2356; x_wconf 89' lang='lat' dir='ltr'>quantum</span> <span class='ocrx_word' id='word_1_230' title='bbox 1640 2297 1721 2339; x_wconf 89' lang='lat' dir='ltr'>sat</span> <span class='ocrx_word' id='word_1_231' title='bbox 1747 2297 1843 2339; x_wconf 87' lang='lat' dir='ltr'>est.</span> 
     </span>
    </p>

    <p class='ocr_par' dir='ltr' id='par_1_3' title="bbox 216 2351 1868 3054">
     <span class='ocr_line' id='line_1_29' title="bbox 285 2351 1865 2433; baseline 0.001 -17"><span class='ocrx_word' id='word_1_232' title='bbox 285 2381 357 2416; x_wconf 84' lang='grc'>49.</span> <span class='ocrx_word' id='word_1_233' title='bbox 395 2366 469 2416; x_wconf 85' lang='lat' dir='ltr'>At</span> <span class='ocrx_word' id='word_1_234' title='bbox 505 2366 596 2415; x_wconf 91' lang='lat' dir='ltr'>illa</span> <span class='ocrx_word' id='word_1_235' title='bbox 635 2366 818 2433; x_wconf 92' lang='lat' dir='ltr'>quanti</span> <span class='ocrx_word' id='word_1_236' title='bbox 859 2375 998 2424; x_wconf 90' lang='lat' dir='ltr'>sunt,</span> <span class='ocrx_word' id='word_1_237' title='bbox 1030 2367 1290 2425; x_wconf 90' lang='lat' dir='ltr'>animum,</span> <span class='ocrx_word' id='word_1_238' title='bbox 1320 2351 1594 2433; x_wconf 56' lang='lat' dir='ltr'>tamssquam</span> <span class='ocrx_word' id='word_1_239' title='bbox 1634 2367 1865 2429; x_wconf 86' lang='lat' dir='ltr'>emeritis</span> 
     </span>
     <span class='ocr_line' id='line_1_30' title="bbox 216 2444 1868 2510; baseline 0 -16"><span class='ocrx_word' id='word_1_240' title='bbox 216 2444 492 2510; x_wconf 89' lang='lat' dir='ltr'>stipendiis</span> <span class='ocrx_word' id='word_1_241' title='bbox 532 2444 788 2502; x_wconf 90' lang='lat' dir='ltr'>libidinis,</span> <span class='ocrx_word' id='word_1_242' title='bbox 820 2444 1146 2503; x_wconf 77' lang='lat' dir='ltr'>ambitionis,</span> <span class='ocrx_word' id='word_1_243' title='bbox 1180 2444 1600 2501; x_wconf 87' lang='lat' dir='ltr'>contentionum,</span> <span class='ocrx_word' id='word_1_244' title='bbox 1642 2444 1868 2497; x_wconf 82' lang='lat' dir='ltr'>inimici-</span> 
     </span>
     <span class='ocr_line' id='line_1_31' title="bbox 218 2521 1866 2605; baseline 0 -34"><span class='ocrx_word' id='word_1_245' title='bbox 218 2523 428 2579; x_wconf 86' lang='lat' dir='ltr'>tiarum,</span> <span class='ocrx_word' id='word_1_246' title='bbox 478 2522 827 2587; x_wconf 84' lang='lat' dir='ltr'>cupiditatum</span> <span class='ocrx_word' id='word_1_247' title='bbox 872 2521 1133 2580; x_wconf 88' lang='lat' dir='ltr'>omnium,</span> <span class='ocrx_word' id='word_1_248' title='bbox 1180 2539 1363 2572; x_wconf 89' lang='lat' dir='ltr'>secum</span> <span class='ocrx_word' id='word_1_249' title='bbox 1414 2539 1531 2572; x_wconf 86' lang='lat' dir='ltr'>esse</span> <span class='ocrx_word' id='word_1_250' title='bbox 1576 2538 1866 2605; x_wconf 62' lang='lat' dir='ltr'>secumque</span> 
     </span>
     <span class='ocr_line' id='line_1_32' title="bbox 222 2595 1865 2667; baseline 0 -19"><span class='ocrx_word' id='word_1_251' title='bbox 222 2601 307 2665; x_wconf 85' lang='lat' dir='ltr'>(ut</span> <span class='ocrx_word' id='word_1_252' title='bbox 344 2599 562 2666; x_wconf 87' lang='lat' dir='ltr'>dicitur)</span> <span class='ocrx_word' id='word_1_253' title='bbox 596 2599 807 2648; x_wconf 77' lang='lat' dir='ltr'>vivere!</span> <span class='ocrx_word' id='word_1_254' title='bbox 875 2599 933 2648; x_wconf 84' lang='lat' dir='ltr'>Si</span> <span class='ocrx_word' id='word_1_255' title='bbox 974 2616 1100 2649; x_wconf 90' lang='lat' dir='ltr'>vero</span> <span class='ocrx_word' id='word_1_256' title='bbox 1138 2600 1299 2649; x_wconf 90' lang='lat' dir='ltr'>habet</span> <span class='ocrx_word' id='word_1_257' title='bbox 1327 2595 1552 2667; x_wconf 66' lang='lat' dir='ltr'>&#39;aliquod</span> <span class='ocrx_word' id='word_1_258' title='bbox 1591 2608 1865 2666; x_wconf 88' lang='lat' dir='ltr'>tamquam</span> 
     </span>
     <span class='ocr_line' id='line_1_33' title="bbox 217 2677 1866 2743; baseline -0.001 -17"><span class='ocrx_word' id='word_1_259' title='bbox 217 2678 473 2743; x_wconf 89' lang='lat' dir='ltr'>pabulum</span> <span class='ocrx_word' id='word_1_260' title='bbox 503 2677 641 2726; x_wconf 91' lang='lat' dir='ltr'>studi</span> <span class='ocrx_word' id='word_1_261' title='bbox 676 2687 832 2742; x_wconf 89' lang='lat' dir='ltr'>atque</span> <span class='ocrx_word' id='word_1_262' title='bbox 862 2677 1156 2735; x_wconf 89' lang='lat' dir='ltr'>doctrinae,</span> <span class='ocrx_word' id='word_1_263' title='bbox 1186 2677 1318 2726; x_wconf 92' lang='lat' dir='ltr'>nihil</span> <span class='ocrx_word' id='word_1_264' title='bbox 1358 2686 1436 2727; x_wconf 88' lang='lat' dir='ltr'>est</span> <span class='ocrx_word' id='word_1_265' title='bbox 1473 2677 1646 2733; x_wconf 65' lang='lat' dir='ltr'>otiosa„</span> <span class='ocrx_word' id='word_1_266' title='bbox 1681 2692 1866 2726; x_wconf 86' lang='lat' dir='ltr'>senec-</span> 
     </span>
     <span class='ocr_line' id='line_1_34' title="bbox 216 2753 1864 2820; baseline 0 -17"><span class='ocrx_word' id='word_1_267' title='bbox 216 2763 324 2804; x_wconf 89' lang='lat' dir='ltr'>tute</span> <span class='ocrx_word' id='word_1_268' title='bbox 352 2754 654 2803; x_wconf 89' lang='lat' dir='ltr'>iucundius.</span> <span class='ocrx_word' id='word_1_269' title='bbox 709 2753 1046 2805; x_wconf 85' lang='lat' dir='ltr'>Videbamus</span> <span class='ocrx_word' id='word_1_270' title='bbox 1073 2755 1126 2802; x_wconf 91' lang='lat' dir='ltr'>in</span> <span class='ocrx_word' id='word_1_271' title='bbox 1155 2754 1327 2804; x_wconf 90' lang='lat' dir='ltr'>studio</span> <span class='ocrx_word' id='word_1_272' title='bbox 1355 2754 1664 2804; x_wconf 91' lang='lat' dir='ltr'>dimetiendi</span> <span class='ocrx_word' id='word_1_273' title='bbox 1692 2770 1864 2820; x_wconf 84' lang='lat' dir='ltr'>paene</span> 
     </span>
     <span class='ocr_line' id='line_1_35' title="bbox 219 2829 1862 2897; baseline -0.001 -17"><span class='ocrx_word' id='word_1_274' title='bbox 219 2832 354 2881; x_wconf 90' lang='lat' dir='ltr'>caeli</span> <span class='ocrx_word' id='word_1_275' title='bbox 400 2841 557 2897; x_wconf 87' lang='lat' dir='ltr'>atque</span> <span class='ocrx_word' id='word_1_276' title='bbox 602 2840 773 2879; x_wconf 88' lang='lat' dir='ltr'>terrae</span> <span class='ocrx_word' id='word_1_277' title='bbox 819 2829 884 2879; x_wconf 87' lang='lat' dir='ltr'>C.</span> <span class='ocrx_word' id='word_1_278' title='bbox 935 2830 1155 2888; x_wconf 92' lang='lat' dir='ltr'>Galum,</span> <span class='ocrx_word' id='word_1_279' title='bbox 1197 2831 1514 2881; x_wconf 87' lang='lat' dir='ltr'>familiarem</span> <span class='ocrx_word' id='word_1_280' title='bbox 1554 2831 1718 2897; x_wconf 87' lang='lat' dir='ltr'>patris</span> <span class='ocrx_word' id='word_1_281' title='bbox 1766 2831 1862 2888; x_wconf 83' lang='lat' dir='ltr'>tui,</span> 
     </span>
     <span class='ocr_line' id='line_1_36' title="bbox 219 2907 1865 2976; baseline -0.001 -17"><span class='ocrx_word' id='word_1_282' title='bbox 219 2909 421 2974; x_wconf 88' lang='lat' dir='ltr'>Scipio.</span> <span class='ocrx_word' id='word_1_283' title='bbox 503 2907 766 2973; x_wconf 79' lang='lat' dir='ltr'>Qotiens</span> <span class='ocrx_word' id='word_1_284' title='bbox 805 2908 953 2956; x_wconf 91' lang='lat' dir='ltr'>illum</span> <span class='ocrx_word' id='word_1_285' title='bbox 994 2909 1086 2956; x_wconf 87' lang='lat' dir='ltr'>lux</span> <span class='ocrx_word' id='word_1_286' title='bbox 1126 2917 1284 2958; x_wconf 93' lang='lat' dir='ltr'>noctu</span> <span class='ocrx_word' id='word_1_287' title='bbox 1323 2908 1524 2976; x_wconf 89' lang='lat' dir='ltr'>aliquid</span> <span class='ocrx_word' id='word_1_288' title='bbox 1561 2908 1865 2958; x_wconf 88' lang='lat' dir='ltr'>describere</span> 
     </span>
     <span class='ocr_line' id='line_1_37' title="bbox 218 2964 1865 3054; baseline 0 -18"><span class='ocrx_word' id='word_1_289' title='bbox 218 2986 544 3054; x_wconf 87' lang='lat' dir='ltr'>ingressum,</span> <span class='ocrx_word' id='word_1_290' title='bbox 585 2985 830 3053; x_wconf 87' lang='lat' dir='ltr'>quotiens</span> <span class='ocrx_word' id='word_1_291' title='bbox 882 3003 988 3038; x_wconf 82' lang='lat' dir='ltr'>nox</span> <span class='ocrx_word' id='word_1_292' title='bbox 1039 2986 1318 3051; x_wconf 85' lang='lat' dir='ltr'>oppressit,</span> <span class='ocrx_word' id='word_1_293' title='bbox 1361 3002 1483 3036; x_wconf 90' lang='lat' dir='ltr'>cum</span> <span class='ocrx_word' id='word_1_294' title='bbox 1535 2964 1693 3035; x_wconf 46' lang='lat' dir='ltr'>milne</span> <span class='ocrx_word' id='word_1_295' title='bbox 1743 3001 1865 3036; x_wconf 87' lang='lat' dir='ltr'>coe-</span> 
     </span>
    </p>
   </div>
  </div>
 </body>
</html>
