2046 3184
690 294 826 358 ΟΝ
897 289 1096 356 OLD
1161 290 1384 356 AGE.

517 472 673 523 CATO
706 474 916 534 MAJOR,
948 473 1057 519 sive
1089 472 1174 518 DE
1209 471 1552 518 SENECTUTE.

399 771 446 818 O
469 757 676 828 T1TE‚2'si
700 770 816 829 quid
838 777 886 815 te
911 769 1108 814 adiuero
1132 784 1353 836 curamve
1377 754 1568 830 Idy-asso

401 842 539 898 Quae
564 821 760 886 mincte
784 840 946 898 coquit
970 847 1017 884 et
1040 846 1200 884 versat
1225 839 1273 883 in
1297 846 1491 897 pectore
1514 839 1622 894 fixa,

403 911 589 970 Ecquid
612 911 701 956 erit
723 910 938 969 praemi?

215 1012 368 1062 Licet
393 1013 534 1062 enim
561 1012 691 1060 mihi
712 1012 955 1061 versibus
982 1011 1185 1060 eisdem
1213 1010 1382 1060 adfari
1420 1018 1491 1067 te,
1521 1008 1718 1069 Attice,
1741 1008 1854 1076 qui·

215 1091 314 1139 bus
341 1090 551 1140 adfatur
578 1089 943 1138 Flamininum

402 1179 587 1272 Ilsejvir
609 1179 738 1244 haud
760 1198 935 1272 magna
957 1214 1063 1243 cum
1087 1214 1151 1254 re,
1178 1199 1269 1256 sed,
1286 1179 1459 1257 plenus
1483 1198 1607 1259 fiflei.

1066 1241 1074 1281 Ι

218 1299 564 1367 Qarnquam
594 1308 735 1349 certo
763 1300 894 1357 scio,
926 1317 1053 1357 non,
1085 1309 1139 1348 ut
1166 1299 1552 1356 Flamininum,

402 1409 657 1455 Sollicitari
680 1416 741 1464 te,
767 1397 890 1466 Tite}
916 1409 985 1454 sic
1007 1409 1258 1466 noctisque
1283 1409 1481 1466 diesque
1501 1425 1516 1465 3

214 1511 338 1562 novi
370 1511 530 1560 enim
583 1498 1004 1560 moderationem
1058 1510 1221 1559 animi
1271 1509 1345 1559 tui
1401 1517 1452 1558 et
1513 1509 1854 1575 aequitatem,

215 1598 371 1655 teque
416 1606 523 1638 non
562 1605 866 1655 cognomen
907 1590 1080 1637 solum
1119 1579 1348 1637 Athenis
1388 1588 1718 1652 deportasse,
1762 1588 1855 1637 sed

216 1667 600 1715 humanitatem
646 1674 698 1726 et
741 1666 1080 1731 prudentiam
1124 1665 1398 1731 intellego.
1478 1665 1546 1714 Et
1585 1674 1766 1714 tamen
1806 1675 1856 1715 te

216 1744 457 1809 suspicor
483 1744 686 1794 eisdem
714 1744 874 1793 rebus
901 1744 1093 1809 quibus
1126 1743 1391 1808 meipsum
1429 1742 1695 1792 interdum
1734 1760 1858 1810 gra-

214 1822 332 1872 vius
358 1822 703 1878 commoveri,
732 1839 960 1887 quarum
990 1821 1281 1871 consolatio
1308 1829 1359 1870 et
1392 1821 1562 1872 maior
1599 1829 1678 1870 est
1715 1830 1765 1870 et
1801 1822 1855 1870 in

217 1900 360 1949 aliud
387 1908 597 1964 tempus
625 1899 943 1948 differenda.
1023 1899 1186 1948 Nunc
1212 1907 1389 1947 autem
1415 1898 1586 1947 visum
1615 1907 1695 1948 est
1728 1899 1855 1968 mihi

215 1978 282 2027 de
321 1986 591 2027 senectute
630 1977 831 2043 aliquid
871 1978 939 2026 ad
972 1985 1021 2026 te
1050 1976 1405 2026 conscribere.
1481 1986 1525 2021 2.
1566 1977 1687 2026 Hoc
1713 1977 1855 2026 enirn

215 2071 377 2104 onere
398 2055 542 2121 quod
565 2054 694 2102 mihi
714 2071 998 2104 commune
1015 2063 1192 2103 tecum
1214 2062 1312 2111 est,
1334 2062 1425 2104 aut
1455 2056 1556 2103 iam
1578 2055 1856 2122 urguentis

217 2143 308 2184 aut
352 2143 493 2184 certe
540 2134 875 2183 adventantis
921 2135 1225 2192 senectutis,
1270 2142 1321 2183 et
1363 2142 1413 2183 te
1458 2142 1509 2183 et
1552 2151 1636 2183 me
1680 2134 1856 2199 ipsum

216 2212 384 2262 levari
423 2212 578 2261 volo:
631 2211 727 2260 etsi
767 2220 818 2260 te
859 2212 1075 2278 quidem
1117 2212 1170 2261 id
1212 2212 1420 2260 modice
1464 2229 1527 2260 ac
1568 2212 1852 2277 sapienter,

217 2290 351 2339 sicut
388 2290 587 2346 omnia,
618 2297 669 2338 et
706 2289 843 2338 ferre
883 2297 933 2338 et
966 2290 1195 2338 laturum
1224 2287 1341 2338 esse
1369 2298 1511 2338 certo
1539 2290 1667 2339 scio.
1746 2290 1857 2340 Sed

217 2367 367 2426 mihi,
409 2383 532 2416 cum
582 2367 649 2416 de
700 2375 972 2416 senectute
1008 2368 1204 2416 vellem
1256 2367 1457 2432 aliquid
1507 2368 1760 2426 scribere,
1801 2377 1856 2417 tu

215 2445 535 2494 occurrebas
585 2444 781 2510 dignus
832 2461 895 2492 eo
940 2461 1160 2492 munere
1205 2462 1309 2510 quo
1356 2454 1574 2510 uterque
1620 2455 1856 2495 nostrum

217 2524 570 2574 communiter
595 2531 847 2572 uteretur.
927 2523 1066 2572 Mihi
1093 2524 1308 2590 quidem
1337 2524 1408 2572 ita
1435 2523 1667 2574 iucunda
1701 2525 1858 2593 hujus

218 2603 336 2652 libri
364 2602 624 2651 confectio
651 2601 766 2662 fuit,
795 2610 852 2650 ut
881 2618 989 2650 non
1029 2602 1186 2650 modo
1226 2602 1398 2650 omnis
1440 2602 1741 2651 absterserit
1778 2620 1860 2652 se-

217 2679 442 2729 nectutis
470 2679 760 2737 molestias,
786 2680 881 2728 sed
909 2679 1144 2728 effecerit
1171 2679 1387 2728 mollem
1416 2679 1574 2727 etiam
1598 2688 1648 2728 et
1674 2680 1860 2730 iucun-

219 2758 342 2807 dam
371 2766 716 2807 senectutem.
785 2756 1097 2822 Numquam
1127 2757 1287 2824 igitur
1312 2757 1519 2806 laudari
1548 2757 1672 2813 satis
1695 2758 1858 2824 digne

219 2835 559 2901 philosophia
585 2835 792 2900 poterit,
819 2834 904 2883 cui
930 2834 1019 2901 qui
1046 2843 1232 2901 pareat
1257 2851 1414 2884 omne
1441 2843 1650 2900 tempus
1673 2835 1858 2886 aetatis

220 2913 334 2963 sine
372 2912 614 2962 molestia
648 2912 814 2978 possit
840 2912 1059 2979 degere.
1137 2923 1179 2958 3.
1219 2911 1330 2962 Sed
1357 2913 1422 2962 de
1451 2913 1639 2962 ceteris
1666 2921 1717 2962 et
1743 2913 1859 2962 dix-

222 2989 358 3040 imus
397 2991 582 3048 multa,
613 2998 662 3039 et
700 3006 861 3056 saepe
900 2990 1173 3040 dicemus:
1215 2992 1360 3040 hunc
1397 2991 1590 3040 librum
1620 2991 1688 3040 ad
1714 3000 1763 3040 te
1791 2991 1858 3041 de

993 3070 1009 3100 1
