2046 3184
142 28 238 103 XV(
260 61 348 116 'SI-J
516 61 571 112 Τ
561 62 627 111 lze
662 62 918 128 Delz'glzts
956 62 1030 128 oj‘
1051 61 1408 128 Husbandry.
1718 77 1782 129 19

120 213 336 282 -pissetl
426 213 615 278 Qam
664 214 963 263 delectabat
1011 230 1133 263 eum
1181 181 1280 263 {les
1307 213 1507 263 ctiones
1558 213 1683 263 solis
1734 223 1784 263 et

141 293 301 343 lunae
329 293 493 341 multo
521 299 642 340 ante
668 291 821 340 nobis
848 290 1190 355 praedicere!
1291 305 1336 339 o.
1376 290 1522 354 Qid
1560 291 1615 339 in
1654 291 1783 340 levi-

141 370 319 420 oribus
339 369 546 424 studiis,
570 369 663 418 sed
684 367 862 416 tamen
885 367 1085 417 acutis?
1127 366 1310 435 Qam
1332 369 1603 434 gaudebat
1622 368 1782 417 Bello

141 463 237 496 suo
256 447 464 496 Punico
486 445 727 494 Naevius
749 444 759 493 l
799 461 961 510 quam
993 444 1047 494 T
1039 446 1317 531 rucu‘lfqnto
1339 445 1558 494 Plautus
1581 444 1591 492 I
1619 462 1781 511 quam

139 523 450 574 Pseudulo!
528 523 655 572 Vidi
697 522 854 571 etiam
895 539 1078 571 senem
1117 521 1355 578 Livium,
1396 521 1485 588 qui
1525 538 1647 571 cum
1686 539 1781 572 sex

142 601 295 650 annis
340 610 459 649 ante
504 617 664 667 quam
709 616 812 665 ego
857 608 1012 647 natus
1057 616 1177 648 sum
1227 599 1465 648 fabulam
1515 599 1783 649 docuisset

140 677 382 728 Centone
408 678 784 743 Tuditanoque
818 675 1145 732 consulibus,
1174 693 1344 742 usque
1371 676 1440 726 ad
1467 676 1781 726 adulescen-

139 755 267 804 tiam
294 772 468 804 meam
497 756 753 820 processit
779 762 968 803 aetate.
1034 751 1181 818 Qid
1209 754 1274 802 de
1301 753 1364 802 P.
1395 752 1571 814 Licini
1598 753 1781 803 Crassi

95 876 98 882 .
139 840 206 882 et*
228 833 460 898 pontifici
489 842 539 881 et
564 833 733 882 civilis
767 832 898 881 iuris
925 831 1097 880 studio
1132 829 1353 896 loquar?
1392 840 1482 879 aut
1518 831 1584 880 de
1624 831 1781 880 huius

139 909 201 960 P.'
233 909 522 975 Scipionis,
560 910 649 976 qui
683 910 764 959 his
799 909 985 975 paucis
1021 907 1207 958 diebus
1243 908 1480 973 pontifex
1511 908 1780 956 maximus

137 987 308 1037 factus
347 986 458 1037 est?
534 986 695 1053 Atqui
734 1004 825 1037 eos
863 987 1035 1036 omnis
1071 985 1658 1053 quoswcommemoravi
1698 986 1779 1035 his

115 1065 324 1117 *studiis
363 1064 640 1132 flagrantis
678 1081 832 1114 senes
859 1065 1109 1114 vidimus.
1188 1063 1268 1112 M.
1296 1081 1423 1114 vero
1450 1047 1781 1152 Cetliegum)

126 1159 296 1209 'quem
346 1151 486 1191 recte
500 1133 1779 1267 fflffi‘ffixifffiss‘qffito

138 1198 310 1273 stti'dio
354 1196 572 1269 ex‘ercer
634 1206 686 1267 iii
733 1203 959 1269 didendo
1002 1211 1317 1269 videba‘mus
1362 1219 1520 1268 etiam
1561 1217 1778 1268 senem!

140 1296 297 1361 Qae
324 1306 446 1346 sunt
472 1297 632 1363 igitur
658 1298 938 1362 epularum
968 1306 1056 1346 aut
1094 1298 1340 1347 ludorum
1370 1306 1458 1346 aut
1484 1306 1777 1347 scortorum

136 1377 433 1440 voluptates
461 1391 581 1423 cum
610 1375 692 1423 his
719 1375 1077 1439 voluptatibus
1105 1374 1537 1455 comparandael?
1598 1374 1778 1442 Atque

138 1453 273 1502 haec
300 1452 513 1518 quidem
542 1452 716 1505 studia
743 1452 1014 1501 doctrinae
1038 1470 1048 1500 :
1089 1469 1226 1518 quae
1262 1453 1478 1519 quidem
1506 1454 1778 1519 prudenti-

135 1530 236 1579 bus
273 1538 324 1578 et
360 1530 496 1578 bene
534 1529 779 1579 institutis
818 1529 1013 1593 pariter
1051 1547 1173 1579 cum
1212 1540 1383 1580 aetate
1423 1542 1687 1590 crescunt,
1723 1541 1779 1581 ut

137 1608 418 1657 honestum
447 1607 578 1656 illud
607 1606 820 1656 Solonis
848 1607 930 1664 sit,
961 1608 1102 1673 quod
1130 1608 1201 1657 ait
1226 1609 1493 1659 versiculo
1521 1610 1774 1676 quodam,

136 1694 193 1735 ut
225 1693 345 1734 ante
373 1684 503 1741 dixi,
535 1701 813 1733 senescere
853 1701 909 1734 se
950 1686 1113 1734 multa
1151 1685 1205 1734 in
1234 1687 1348 1736 dies
1375 1687 1775 1743 addiscentem3

136 1778 240 1829 qua
267 1762 534 1827 voluptate
564 1761 727 1810 animi
754 1763 901 1811 nulla
929 1771 1069 1812 certe
1095 1772 1266 1828 potest
1292 1782 1409 1814 esse
1437 1765 1624 1814 maior.

205 1855 302 1889 xv.
333 1851 395 1885 51o
431 1839 607 1888 Venio
646 1856 790 1888 nunc
823 1840 890 1888 ad
921 1841 1219 1906 voluptates
1253 1842 1632 1909 agricolarum,
1661 1842 1778 1908 qui-

133 1918 234 1967 bus
260 1933 363 1984 ego
390 1916 768 1966 incredibiliter
795 1917 1058 1975 delector;
1099 1936 1236 1985 quae
1266 1936 1366 1969 nec
1403 1920 1513 1968 ulla
1551 1919 1776 1984 impedi-

134 2004 293 2044 untur
331 2003 620 2052 senectute,
661 2003 712 2043 et
762 1995 891 2043 mihi
931 1997 998 2045 ad
1040 1997 1294 2062 sapientis
1331 1997 1494 2046 vitam
1535 1997 1776 2063 proxime

133 2072 380 2121 videntur
406 2072 681 2121 accedere.
762 2072 979 2122 Habent
1006 2075 1148 2123 enim
1176 2075 1434 2124 rationem
1464 2091 1586 2124 cum
1613 2083 1772 2132 terra,

135 2166 271 2216 quae
311 2165 603 2215 numquam
641 2159 852 2199 recusat
889 2151 1193 2217 imperium,
1232 2168 1334 2201 nec
1371 2151 1620 2218 cuiquam
1661 2152 1775 2201 sine

134 2244 296 2276 usura
323 2228 493 2276 reddit
518 2227 658 2293 quod
681 2229 904 2294 accepit,
930 2230 1023 2278 sed
1052 2230 1185 2278 alias
1212 2229 1435 2286 minore,
1460 2231 1775 2296 plerumque

138 2305 334 2355 maiore
385 2321 506 2353 cum
556 2305 789 2355 faenore.
867 2305 1352 2372 Qamquam·me
1402 2308 1617 2373 quidem
1668 2324 1775 2356 non

136 2382 334 2430 fructus
376 2382 553 2439 modo,
598 2383 692 2432 sed
739 2383 896 2431 etiam
936 2383 1102 2447 ipsius
1139 2392 1311 2433 terrae
1351 2384 1432 2433 vis
1477 2400 1541 2433 ac
1584 2393 1775 2433 natura

105 2459 392 2515 >delectam
433 2475 570 2524 quae
613 2476 735 2508 cum
781 2460 986 2526 gremio
1027 2461 1227 2510 mollito
1266 2477 1329 2510 ac
1369 2462 1588 2510 subacto
1627 2479 1776 2526 spar-

135 2553 252 2584 sum
304 2553 486 2584 semen
525 2537 754 2601 excepit,
798 2537 1027 2601 primum
1050 2555 1054 2558 ’
1078 2537 1133 2587 id
1181 2547 1525 2587 occaecatum
1563 2539 1775 2587 cohibet

141 2615 236 2677 (ex
264 2629 368 2678 quo
396 2615 595 2662 occatio
623 2630 759 2679 quae
788 2615 889 2663 hoc
912 2615 1070 2663 efficit
1095 2615 1367 2664 nominata
1396 2616 1500 2677 est)
1528 2633 1539 2672 ;
1580 2616 1774 2664 deinde

35 2735 48 2751 Α,
133 2689 456 2754 tepefactum
483 2706 681 2754 vapore
710 2699 760 2739 et
796 2708 1086 2755 conpressu
1125 2709 1221 2741 suo
1259 2692 1507 2742 diffundit
1546 2701 1596 2741 et
1634 2694 1775 2742 elicit

55 2760 60 2765 ’
119 2747 550 2817 ‘lierbescentefff
567 2784 635 2815 ex
662 2785 723 2816 eo
750 2768 1102 2825 viriditatem3
1143 2786 1281 2835 quae
1319 2770 1447 2818 nixa
1481 2770 1627 2819 fibris
1660 2770 1774 2819 stir-

134 2843 279 2909 pium
317 2844 527 2894 sensim
581 2845 856 2901 adulescit,
910 2847 1191 2912 culmoque
1242 2827 1418 2896 erecta
1468 2847 1773 2913 geniculato

191 2939 271 2992 ι
301 2921 346 2971 is
408 2921 514 2971 iam
564 2922 715 2988 quasi
766 2910 1066 2987 pubescens
1123 2923 1436 2981 includitur3
1504 2940 1533 2974 e
1583 2924 1773 2991 quibus
