<?xml version="1.0" encoding="UTF-8"?>
<!DOCTYPE html PUBLIC "-//W3C//DTD XHTML 1.0 Transitional//EN"
    "http://www.w3.org/TR/xhtml1/DTD/xhtml1-transitional.dtd">
<html xmlns="http://www.w3.org/1999/xhtml" xml:lang="en" lang="en">
 <head>
  <title>
</title>
<meta http-equiv="Content-Type" content="text/html;charset=utf-8" />
  <meta name='ocr-system' content='tesseract 3.04.00' />
  <meta name='ocr-capabilities' content='ocr_page ocr_carea ocr_par ocr_line ocrx_word'/>
</head>
<body>
  <div class='ocr_page' id='page_1' title='image "./cicerodesenectut00ciceuoft_0042.png"; bbox 0 0 2046 3184; ppageno 0'>
   <div class='ocr_carea' id='block_1_1' title="bbox 175 102 1818 172">
    <p class='ocr_par' dir='ltr' id='par_1_1' title="bbox 175 102 1818 172">
     <span class='ocr_line' id='line_1_1' title="bbox 175 102 1818 172; baseline -0.012 -3"><span class='ocrx_word' id='word_1_1' title='bbox 175 119 241 169; x_wconf 84' lang='lat'><strong>30</strong></span> <span class='ocrx_word' id='word_1_2' title='bbox 805 105 887 156; x_wconf 84' lang='lat' dir='ltr'><strong>On</strong></span> <span class='ocrx_word' id='word_1_3' title='bbox 923 105 1032 156; x_wconf 88' lang='lat' dir='ltr'><strong>Old</strong></span> <span class='ocrx_word' id='word_1_4' title='bbox 1051 105 1195 172; x_wconf 81' lang='lat' dir='ltr'><strong>Age.</strong></span> <span class='ocrx_word' id='word_1_5' title='bbox 1541 107 1676 160; x_wconf 81' lang='lat' dir='ltr'>[CAT.</span> <span class='ocrx_word' id='word_1_6' title='bbox 1701 102 1818 162; x_wconf 81' lang='lat' dir='ltr'>MAJ.</span> 
     </span>
    </p>
   </div>
   <div class='ocr_carea' id='block_1_2' title="bbox 170 260 1842 3045">
    <p class='ocr_par' dir='ltr' id='par_1_2' title="bbox 173 260 1836 2128">
     <span class='ocr_line' id='line_1_2' title="bbox 174 260 1821 328; baseline 0.004 -20"><span class='ocrx_word' id='word_1_7' title='bbox 174 277 308 326; x_wconf 90' lang='lat' dir='ltr'><strong>quas</strong></span> <span class='ocrx_word' id='word_1_8' title='bbox 358 260 615 327; x_wconf 83' lang='lat' dir='ltr'>gerebam</span> <span class='ocrx_word' id='word_1_9' title='bbox 677 260 1089 327; x_wconf 85' lang='lat' dir='ltr'><strong>intellegebatis.</strong></span> <span class='ocrx_word' id='word_1_10' title='bbox 1193 260 1442 311; x_wconf 89' lang='lat' dir='ltr'><strong>Eundem</strong></span> <span class='ocrx_word' id='word_1_11' title='bbox 1490 261 1654 328; x_wconf 86' lang='lat' dir='ltr'><strong>igitur</strong></span> <span class='ocrx_word' id='word_1_12' title='bbox 1702 279 1821 313; x_wconf 84' lang='lat' dir='ltr'><strong>esse</strong></span> 
     </span>
     <span class='ocr_line' id='line_1_3' title="bbox 174 337 1822 396; baseline 0.003 -11"><span class='ocrx_word' id='word_1_13' title='bbox 174 337 446 396; x_wconf 82' lang='lat' dir='ltr'><strong>creditote‚</strong></span> <span class='ocrx_word' id='word_1_14' title='bbox 495 339 654 387; x_wconf 90' lang='lat' dir='ltr'><strong>etiam</strong></span> <span class='ocrx_word' id='word_1_15' title='bbox 700 338 743 387; x_wconf 89' lang='lat' dir='ltr'><strong>si</strong></span> <span class='ocrx_word' id='word_1_16' title='bbox 789 339 994 386; x_wconf 90' lang='lat' dir='ltr'><strong>nullum</strong></span> <span class='ocrx_word' id='word_1_17' title='bbox 1041 338 1306 387; x_wconf 87' lang='lat' dir='ltr'><strong>videbitis.</strong></span> <span class='ocrx_word' id='word_1_18' title='bbox 1396 349 1470 384; x_wconf 83' lang='lat'><strong>80.</strong></span> <span class='ocrx_word' id='word_1_19' title='bbox 1531 338 1652 389; x_wconf 90' lang='lat' dir='ltr'><strong>Nec</strong></span> <span class='ocrx_word' id='word_1_20' title='bbox 1693 357 1822 390; x_wconf 88' lang='lat' dir='ltr'><strong>vero</strong></span> 
     </span>
     <span class='ocr_line' id='line_1_4' title="bbox 174 415 1818 482; baseline 0.003 -19"><span class='ocrx_word' id='word_1_21' title='bbox 174 415 440 464; x_wconf 88' lang='lat' dir='ltr'><strong>clarorum</strong></span> <span class='ocrx_word' id='word_1_22' title='bbox 467 415 702 465; x_wconf 87' lang='lat' dir='ltr'><strong>virorum</strong></span> <span class='ocrx_word' id='word_1_23' title='bbox 738 424 856 480; x_wconf 88' lang='lat' dir='ltr'><strong>post</strong></span> <span class='ocrx_word' id='word_1_24' title='bbox 896 425 1118 464; x_wconf 89' lang='lat' dir='ltr'><strong>mortem</strong></span> <span class='ocrx_word' id='word_1_25' title='bbox 1155 416 1383 465; x_wconf 85' lang='lat' dir='ltr'>honores</span> <span class='ocrx_word' id='word_1_26' title='bbox 1423 426 1818 482; x_wconf 82' lang='lat' dir='ltr'><strong>permanerent,</strong></span> 
     </span>
     <span class='ocr_line' id='line_1_5' title="bbox 174 492 1822 562; baseline 0.003 -21"><span class='ocrx_word' id='word_1_27' title='bbox 174 493 217 542; x_wconf 90' lang='lat' dir='ltr'><strong>si</strong></span> <span class='ocrx_word' id='word_1_28' title='bbox 259 492 392 541; x_wconf 88' lang='lat' dir='ltr'>nihil</span> <span class='ocrx_word' id='word_1_29' title='bbox 434 510 618 542; x_wconf 90' lang='lat' dir='ltr'><strong>eorum</strong></span> <span class='ocrx_word' id='word_1_30' title='bbox 661 493 897 558; x_wconf 89' lang='lat' dir='ltr'><strong>ipsorum</strong></span> <span class='ocrx_word' id='word_1_31' title='bbox 939 493 1103 542; x_wconf 90' lang='lat' dir='ltr'><strong>animi</strong></span> <span class='ocrx_word' id='word_1_32' title='bbox 1147 493 1437 552; x_wconf 89' lang='lat' dir='ltr'><strong>efficerent,</strong></span> <span class='ocrx_word' id='word_1_33' title='bbox 1481 512 1586 562; x_wconf 92' lang='lat' dir='ltr'><strong>quo</strong></span> <span class='ocrx_word' id='word_1_34' title='bbox 1625 496 1822 546; x_wconf 86' lang='lat' dir='ltr'><strong>diutius</strong></span> 
     </span>
     <span class='ocr_line' id='line_1_6' title="bbox 175 568 1821 638; baseline 0.002 -19"><span class='ocrx_word' id='word_1_35' title='bbox 175 571 489 620; x_wconf 81' lang='lat' dir='ltr'><strong>memoriam</strong></span> <span class='ocrx_word' id='word_1_36' title='bbox 536 571 616 620; x_wconf 91' lang='lat' dir='ltr'><strong>sui</strong></span> <span class='ocrx_word' id='word_1_37' title='bbox 661 568 984 620; x_wconf 85' lang='lat' dir='ltr'><strong>teneremus.</strong></span> <span class='ocrx_word' id='word_1_38' title='bbox 1065 570 1205 619; x_wconf 89' lang='lat' dir='ltr'>Mihi</span> <span class='ocrx_word' id='word_1_39' title='bbox 1249 571 1466 637; x_wconf 89' lang='lat' dir='ltr'><strong>quidem</strong></span> <span class='ocrx_word' id='word_1_40' title='bbox 1512 574 1821 638; x_wconf 84' lang='lat' dir='ltr'><strong>persuaderi</strong></span> 
     </span>
     <span class='ocr_line' id='line_1_7' title="bbox 174 649 1823 716; baseline 0.002 -19"><span class='ocrx_word' id='word_1_41' title='bbox 174 666 469 714; x_wconf 83' lang='lat' dir='ltr'><strong>numquam</strong></span> <span class='ocrx_word' id='word_1_42' title='bbox 520 649 687 714; x_wconf 90' lang='lat' dir='ltr'><strong>potuit</strong></span> <span class='ocrx_word' id='word_1_43' title='bbox 737 649 947 698; x_wconf 91' lang='lat' dir='ltr'><strong>animos</strong></span> <span class='ocrx_word' id='word_1_44' title='bbox 999 649 1127 698; x_wconf 91' lang='lat' dir='ltr'><strong>dum</strong></span> <span class='ocrx_word' id='word_1_45' title='bbox 1178 649 1232 698; x_wconf 94' lang='lat' dir='ltr'><strong>in</strong></span> <span class='ocrx_word' id='word_1_46' title='bbox 1284 651 1594 716; x_wconf 87' lang='lat' dir='ltr'><strong>corporibus</strong></span> <span class='ocrx_word' id='word_1_47' title='bbox 1645 660 1823 700; x_wconf 86' lang='lat' dir='ltr'><strong>essent</strong></span> 
     </span>
     <span class='ocr_line' id='line_1_8' title="bbox 174 727 1823 786; baseline 0.002 -11"><span class='ocrx_word' id='word_1_48' title='bbox 174 727 485 776; x_wconf 86' lang='lat' dir='ltr'><strong>mortalibus</strong></span> <span class='ocrx_word' id='word_1_49' title='bbox 513 727 713 784; x_wconf 86' lang='lat' dir='ltr'><strong>vivere,</strong></span> <span class='ocrx_word' id='word_1_50' title='bbox 744 743 866 776; x_wconf 87' lang='lat' dir='ltr'><strong>curn</strong></span> <span class='ocrx_word' id='word_1_51' title='bbox 895 728 1254 777; x_wconf 85' lang='lat' dir='ltr'><strong>excessissent</strong></span> <span class='ocrx_word' id='word_1_52' title='bbox 1285 745 1353 778; x_wconf 90' lang='lat' dir='ltr'><strong>ex</strong></span> <span class='ocrx_word' id='word_1_53' title='bbox 1379 729 1455 778; x_wconf 91' lang='lat' dir='ltr'><strong>eis</strong></span> <span class='ocrx_word' id='word_1_54' title='bbox 1483 729 1681 786; x_wconf 84' lang='lat' dir='ltr'><strong>emori3</strong></span> <span class='ocrx_word' id='word_1_55' title='bbox 1721 745 1823 778; x_wconf 86' lang='lat' dir='ltr'><strong>nec</strong></span> 
     </span>
     <span class='ocr_line' id='line_1_9' title="bbox 173 805 1822 872; baseline 0.001 -18"><span class='ocrx_word' id='word_1_56' title='bbox 173 822 301 854; x_wconf 83' lang='lat' dir='ltr'><strong>vero</strong></span> <span class='ocrx_word' id='word_1_57' title='bbox 335 814 446 853; x_wconf 91' lang='lat' dir='ltr'><strong>tum</strong></span> <span class='ocrx_word' id='word_1_58' title='bbox 475 805 715 853; x_wconf 88' lang='lat' dir='ltr'><strong>animum</strong></span> <span class='ocrx_word' id='word_1_59' title='bbox 748 821 866 854; x_wconf 91' lang='lat' dir='ltr'><strong>esse</strong></span> <span class='ocrx_word' id='word_1_60' title='bbox 905 805 1243 870; x_wconf 87' lang='lat' dir='ltr'><strong>insipientem</strong></span> <span class='ocrx_word' id='word_1_61' title='bbox 1285 823 1408 856; x_wconf 90' lang='lat' dir='ltr'><strong>cum</strong></span> <span class='ocrx_word' id='word_1_62' title='bbox 1447 824 1515 856; x_wconf 94' lang='lat' dir='ltr'><strong>ex</strong></span> <span class='ocrx_word' id='word_1_63' title='bbox 1553 806 1822 872; x_wconf 89' lang='lat' dir='ltr'><strong>insipienti</strong></span> 
     </span>
     <span class='ocr_line' id='line_1_10' title="bbox 175 876 1836 950; baseline 0.001 -17"><span class='ocrx_word' id='word_1_64' title='bbox 175 899 396 948; x_wconf 87' lang='lat' dir='ltr'><strong>corpore</strong></span> <span class='ocrx_word' id='word_1_65' title='bbox 425 883 715 938; x_wconf 85' lang='lat' dir='ltr'><strong>evasisset3</strong></span> <span class='ocrx_word' id='word_1_66' title='bbox 779 883 875 932; x_wconf 86' lang='lat' dir='ltr'><strong>sed</strong></span> <span class='ocrx_word' id='word_1_67' title='bbox 905 899 1027 932; x_wconf 89' lang='lat' dir='ltr'><strong>cum</strong></span> <span class='ocrx_word' id='word_1_68' title='bbox 1054 884 1200 934; x_wconf 89' lang='lat' dir='ltr'><strong>omni</strong></span> <span class='ocrx_word' id='word_1_69' title='bbox 1234 885 1560 934; x_wconf 85' lang='lat' dir='ltr'><strong>admixtione</strong></span> <span class='ocrx_word' id='word_1_70' title='bbox 1589 876 1836 950; x_wconf 48' lang='lat' dir='ltr'><strong>corporis*</strong></span> 
     </span>
     <span class='ocr_line' id='line_1_11' title="bbox 173 961 1822 1029; baseline 0.001 -18"><span class='ocrx_word' id='word_1_71' title='bbox 173 962 428 1011; x_wconf 89' lang='lat' dir='ltr'><strong>liberatus</strong></span> <span class='ocrx_word' id='word_1_72' title='bbox 475 978 638 1026; x_wconf 88' lang='lat' dir='ltr'><strong>purus</strong></span> <span class='ocrx_word' id='word_1_73' title='bbox 692 969 743 1010; x_wconf 91' lang='lat' dir='ltr'><strong>et</strong></span> <span class='ocrx_word' id='word_1_74' title='bbox 792 961 1003 1029; x_wconf 86' lang='lat' dir='ltr'><strong>integer</strong></span> <span class='ocrx_word' id='word_1_75' title='bbox 1055 979 1171 1018; x_wconf 84' lang='lat' dir='ltr'><strong>esse</strong></span> <span class='ocrx_word' id='word_1_76' title='bbox 1217 962 1498 1028; x_wconf 87' lang='lat' dir='ltr'><strong>coepisset,</strong></span> <span class='ocrx_word' id='word_1_77' title='bbox 1542 971 1653 1011; x_wconf 87' lang='lat' dir='ltr'><strong>turn</strong></span> <span class='ocrx_word' id='word_1_78' title='bbox 1705 978 1822 1012; x_wconf 88' lang='lat' dir='ltr'><strong>esse</strong></span> 
     </span>
     <span class='ocr_line' id='line_1_12' title="bbox 175 1037 1823 1105; baseline -0.001 -15"><span class='ocrx_word' id='word_1_79' title='bbox 175 1039 493 1104; x_wconf 88' lang='lat' dir='ltr'><strong>sapientem.</strong></span> <span class='ocrx_word' id='word_1_80' title='bbox 570 1037 750 1105; x_wconf 89' lang='lat' dir='ltr'><strong>Atque</strong></span> <span class='ocrx_word' id='word_1_81' title='bbox 791 1039 968 1097; x_wconf 88' lang='lat' dir='ltr'><strong>etiam,</strong></span> <span class='ocrx_word' id='word_1_82' title='bbox 997 1057 1118 1090; x_wconf 91' lang='lat' dir='ltr'><strong>cum</strong></span> <span class='ocrx_word' id='word_1_83' title='bbox 1160 1040 1392 1090; x_wconf 90' lang='lat' dir='ltr'><strong>hominis</strong></span> <span class='ocrx_word' id='word_1_84' title='bbox 1429 1049 1619 1089; x_wconf 88' lang='lat' dir='ltr'><strong>natura</strong></span> <span class='ocrx_word' id='word_1_85' title='bbox 1658 1047 1823 1090; x_wconf 88' lang='lat' dir='ltr'><strong>morte</strong></span> 
     </span>
     <span class='ocr_line' id='line_1_13' title="bbox 175 1116 1825 1184; baseline -0.001 -17"><span class='ocrx_word' id='word_1_86' title='bbox 175 1116 498 1173; x_wconf 89' lang='lat' dir='ltr'><strong>dissolvitur,</strong></span> <span class='ocrx_word' id='word_1_87' title='bbox 525 1126 822 1166; x_wconf 86' lang='lat' dir='ltr'><strong>ceterarum</strong></span> <span class='ocrx_word' id='word_1_88' title='bbox 853 1135 1030 1167; x_wconf 87' lang='lat' dir='ltr'><strong>rerum</strong></span> <span class='ocrx_word' id='word_1_89' title='bbox 1058 1119 1400 1184; x_wconf 89' lang='lat' dir='ltr'><strong>perspicuum</strong></span> <span class='ocrx_word' id='word_1_90' title='bbox 1429 1127 1505 1167; x_wconf 88' lang='lat' dir='ltr'><strong>est</strong></span> <span class='ocrx_word' id='word_1_91' title='bbox 1530 1135 1634 1184; x_wconf 92' lang='lat' dir='ltr'><strong>quo</strong></span> <span class='ocrx_word' id='word_1_92' title='bbox 1662 1134 1825 1184; x_wconf 88' lang='lat' dir='ltr'><strong>quae-</strong></span> 
     </span>
     <span class='ocr_line' id='line_1_14' title="bbox 174 1195 1822 1263; baseline -0.001 -18"><span class='ocrx_word' id='word_1_93' title='bbox 174 1214 277 1263; x_wconf 88' lang='lat' dir='ltr'><strong>que</strong></span> <span class='ocrx_word' id='word_1_94' title='bbox 305 1195 565 1251; x_wconf 79' lang='lat' dir='ltr'><strong>discedat,</strong></span> <span class='ocrx_word' id='word_1_95' title='bbox 598 1195 795 1245; x_wconf 87' lang='lat' dir='ltr'><strong>abeunt</strong></span> <span class='ocrx_word' id='word_1_96' title='bbox 821 1196 963 1246; x_wconf 88' lang='lat' dir='ltr'><strong>enim</strong></span> <span class='ocrx_word' id='word_1_97' title='bbox 991 1197 1119 1247; x_wconf 91' lang='lat' dir='ltr'><strong>illuc</strong></span> <span class='ocrx_word' id='word_1_98' title='bbox 1145 1196 1325 1246; x_wconf 89' lang='lat' dir='ltr'><strong>omnia</strong></span> <span class='ocrx_word' id='word_1_99' title='bbox 1351 1197 1493 1246; x_wconf 91' lang='lat' dir='ltr'><strong>unde</strong></span> <span class='ocrx_word' id='word_1_100' title='bbox 1521 1205 1633 1245; x_wconf 89' lang='lat' dir='ltr'><strong>orta</strong></span> <span class='ocrx_word' id='word_1_101' title='bbox 1668 1204 1822 1253; x_wconf 85' lang='lat' dir='ltr'><strong>sunt3</strong></span> 
     </span>
     <span class='ocr_line' id='line_1_15' title="bbox 177 1273 1827 1327; baseline -0.002 -3"><span class='ocrx_word' id='word_1_102' title='bbox 177 1275 386 1324; x_wconf 88' lang='lat' dir='ltr'><strong>animus</strong></span> <span class='ocrx_word' id='word_1_103' title='bbox 415 1282 591 1323; x_wconf 84' lang='lat' dir='ltr'><strong>autern</strong></span> <span class='ocrx_word' id='word_1_104' title='bbox 634 1275 778 1324; x_wconf 90' lang='lat' dir='ltr'><strong>solus</strong></span> <span class='ocrx_word' id='word_1_105' title='bbox 818 1291 918 1324; x_wconf 89' lang='lat' dir='ltr'><strong>nec</strong></span> <span class='ocrx_word' id='word_1_106' title='bbox 953 1291 1073 1324; x_wconf 90' lang='lat' dir='ltr'><strong>cum</strong></span> <span class='ocrx_word' id='word_1_107' title='bbox 1116 1275 1267 1324; x_wconf 89' lang='lat' dir='ltr'><strong>adest</strong></span> <span class='ocrx_word' id='word_1_108' title='bbox 1303 1290 1403 1324; x_wconf 91' lang='lat' dir='ltr'><strong>nec</strong></span> <span class='ocrx_word' id='word_1_109' title='bbox 1442 1291 1563 1323; x_wconf 87' lang='lat' dir='ltr'><strong>curn</strong></span> <span class='ocrx_word' id='word_1_110' title='bbox 1603 1273 1827 1327; x_wconf 89' lang='lat' dir='ltr'><strong>discedit</strong></span> 
     </span>
     <span class='ocr_line' id='line_1_16' title="bbox 177 1351 1823 1419; baseline -0.002 -16"><span class='ocrx_word' id='word_1_111' title='bbox 177 1354 417 1419; x_wconf 84' lang='lat' dir='ltr'><strong>adparet.</strong></span> <span class='ocrx_word' id='word_1_112' title='bbox 513 1366 576 1402; x_wconf 80' lang='lat'><strong>81.</strong></span> <span class='ocrx_word' id='word_1_113' title='bbox 631 1353 743 1402; x_wconf 90' lang='lat' dir='ltr'><strong>Iam</strong></span> <span class='ocrx_word' id='word_1_114' title='bbox 784 1370 910 1403; x_wconf 93' lang='lat' dir='ltr'><strong>vero</strong></span> <span class='ocrx_word' id='word_1_115' title='bbox 949 1353 1137 1403; x_wconf 90' lang='lat' dir='ltr'><strong>videtis</strong></span> <span class='ocrx_word' id='word_1_116' title='bbox 1182 1352 1315 1401; x_wconf 90' lang='lat' dir='ltr'><strong>nihil</strong></span> <span class='ocrx_word' id='word_1_117' title='bbox 1367 1369 1484 1402; x_wconf 88' lang='lat' dir='ltr'><strong>esse</strong></span> <span class='ocrx_word' id='word_1_118' title='bbox 1524 1351 1676 1401; x_wconf 79' lang='lat' dir='ltr'><strong>morti</strong></span> <span class='ocrx_word' id='word_1_119' title='bbox 1714 1359 1823 1401; x_wconf 91' lang='lat' dir='ltr'><strong>tam</strong></span> 
     </span>
     <span class='ocr_line' id='line_1_17' title="bbox 177 1425 1826 1498; baseline -0.003 -16"><span class='ocrx_word' id='word_1_120' title='bbox 177 1433 349 1482; x_wconf 88' lang='lat' dir='ltr'><strong>simile</strong></span> <span class='ocrx_word' id='word_1_121' title='bbox 378 1425 539 1498; x_wconf 88' lang='lat' dir='ltr'><strong>quam</strong></span> <span class='ocrx_word' id='word_1_122' title='bbox 570 1449 837 1481; x_wconf 89' lang='lat' dir='ltr'><strong>somnum.</strong></span> <span class='ocrx_word' id='word_1_123' title='bbox 893 1430 1058 1498; x_wconf 87' lang='lat' dir='ltr'><strong>Atqui</strong></span> <span class='ocrx_word' id='word_1_124' title='bbox 1087 1430 1462 1481; x_wconf 79' lang='lat' dir='ltr'><strong>dormientium</strong></span> <span class='ocrx_word' id='word_1_125' title='bbox 1486 1429 1648 1478; x_wconf 90' lang='lat' dir='ltr'><strong>animi</strong></span> <span class='ocrx_word' id='word_1_126' title='bbox 1676 1445 1826 1478; x_wconf 87' lang='lat' dir='ltr'><strong>max-</strong></span> 
     </span>
     <span class='ocr_line' id='line_1_18' title="bbox 177 1508 1828 1565; baseline -0.003 -4"><span class='ocrx_word' id='word_1_127' title='bbox 177 1513 282 1562; x_wconf 89' lang='lat' dir='ltr'><strong>ime</strong></span> <span class='ocrx_word' id='word_1_128' title='bbox 311 1512 587 1561; x_wconf 73' lang='lat' dir='ltr'><strong>dec‘larant</strong></span> <span class='ocrx_word' id='word_1_129' title='bbox 614 1510 944 1560; x_wconf 88' lang='lat' dir='ltr'><strong>divinitatem</strong></span> <span class='ocrx_word' id='word_1_130' title='bbox 982 1526 1167 1565; x_wconf 84' lang='lat' dir='ltr'><strong>suam3</strong></span> <span class='ocrx_word' id='word_1_131' title='bbox 1212 1509 1376 1557; x_wconf 85' lang='lat' dir='ltr'><strong>multa</strong></span> <span class='ocrx_word' id='word_1_132' title='bbox 1414 1508 1557 1557; x_wconf 89' lang='lat' dir='ltr'><strong>enim</strong></span> <span class='ocrx_word' id='word_1_133' title='bbox 1585 1523 1706 1557; x_wconf 89' lang='lat' dir='ltr'><strong>cum</strong></span> <span class='ocrx_word' id='word_1_134' title='bbox 1746 1523 1828 1556; x_wconf 86' lang='lat' dir='ltr'><strong>re-</strong></span> 
     </span>
     <span class='ocr_line' id='line_1_19' title="bbox 179 1585 1830 1652; baseline -0.004 -12"><span class='ocrx_word' id='word_1_135' title='bbox 179 1591 327 1641; x_wconf 90' lang='lat' dir='ltr'><strong>missi</strong></span> <span class='ocrx_word' id='word_1_136' title='bbox 356 1599 406 1639; x_wconf 90' lang='lat' dir='ltr'><strong>et</strong></span> <span class='ocrx_word' id='word_1_137' title='bbox 442 1589 594 1638; x_wconf 89' lang='lat' dir='ltr'><strong>liberi</strong></span> <span class='ocrx_word' id='word_1_138' title='bbox 633 1597 756 1637; x_wconf 89' lang='lat' dir='ltr'><strong>sunt</strong></span> <span class='ocrx_word' id='word_1_139' title='bbox 793 1587 969 1637; x_wconf 90' lang='lat' dir='ltr'><strong>futura</strong></span> <span class='ocrx_word' id='word_1_140' title='bbox 996 1587 1343 1652; x_wconf 87' lang='lat' dir='ltr'><strong>prospiciunt.</strong></span> <span class='ocrx_word' id='word_1_141' title='bbox 1421 1585 1507 1634; x_wconf 92' lang='lat' dir='ltr'><strong>Ex</strong></span> <span class='ocrx_word' id='word_1_142' title='bbox 1534 1603 1639 1651; x_wconf 93' lang='lat' dir='ltr'><strong>quo</strong></span> <span class='ocrx_word' id='word_1_143' title='bbox 1676 1585 1830 1634; x_wconf 87' lang='lat' dir='ltr'><strong>intel-</strong></span> 
     </span>
     <span class='ocr_line' id='line_1_20' title="bbox 178 1662 1829 1738; baseline -0.005 -18"><span class='ocrx_word' id='word_1_144' title='bbox 178 1670 374 1738; x_wconf 86' lang='lat' dir='ltr'><strong>legitur</strong></span> <span class='ocrx_word' id='word_1_145' title='bbox 395 1669 582 1734; x_wconf 84' lang='lat' dir='ltr'><strong>quales</strong></span> <span class='ocrx_word' id='word_1_146' title='bbox 606 1666 765 1715; x_wconf 87' lang='lat' dir='ltr'><strong>futuri</strong></span> <span class='ocrx_word' id='word_1_147' title='bbox 787 1666 911 1723; x_wconf 87' lang='lat' dir='ltr'><strong>sint,</strong></span> <span class='ocrx_word' id='word_1_148' title='bbox 936 1682 1057 1714; x_wconf 90' lang='lat' dir='ltr'><strong>cum</strong></span> <span class='ocrx_word' id='word_1_149' title='bbox 1081 1682 1137 1715; x_wconf 89' lang='lat' dir='ltr'><strong>se</strong></span> <span class='ocrx_word' id='word_1_150' title='bbox 1159 1665 1319 1730; x_wconf 87' lang='lat' dir='ltr'><strong>plane</strong></span> <span class='ocrx_word' id='word_1_151' title='bbox 1341 1663 1579 1729; x_wconf 89' lang='lat' dir='ltr'><strong>corporis</strong></span> <span class='ocrx_word' id='word_1_152' title='bbox 1598 1662 1829 1712; x_wconf 86' lang='lat' dir='ltr'><strong>vinculis</strong></span> 
     </span>
     <span class='ocr_line' id='line_1_21' title="bbox 179 1740 1829 1810; baseline -0.005 -12"><span class='ocrx_word' id='word_1_153' title='bbox 179 1747 558 1798; x_wconf 80' lang='lat' dir='ltr'><strong>relaxaverint.</strong></span> <span class='ocrx_word' id='word_1_154' title='bbox 618 1743 745 1810; x_wconf 78' lang='lat' dir='ltr'><strong>Qa</strong></span> <span class='ocrx_word' id='word_1_155' title='bbox 772 1760 852 1801; x_wconf 89' lang='lat' dir='ltr'><strong>re,</strong></span> <span class='ocrx_word' id='word_1_156' title='bbox 882 1743 925 1793; x_wconf 92' lang='lat' dir='ltr'><strong>si</strong></span> <span class='ocrx_word' id='word_1_157' title='bbox 955 1744 1090 1792; x_wconf 90' lang='lat' dir='ltr'><strong>haec</strong></span> <span class='ocrx_word' id='word_1_158' title='bbox 1116 1742 1188 1791; x_wconf 92' lang='lat' dir='ltr'><strong>ita</strong></span> <span class='ocrx_word' id='word_1_159' title='bbox 1216 1750 1357 1799; x_wconf 89' lang='lat' dir='ltr'><strong>sunt,</strong></span> <span class='ocrx_word' id='word_1_160' title='bbox 1387 1741 1464 1791; x_wconf 93' lang='lat' dir='ltr'><strong>sic</strong></span> <span class='ocrx_word' id='word_1_161' title='bbox 1493 1758 1576 1790; x_wconf 90' lang='lat' dir='ltr'><strong>me</strong></span> <span class='ocrx_word' id='word_1_162' title='bbox 1603 1740 1829 1790; x_wconf 89' lang='lat' dir='ltr'><strong>colitote’</strong></span> 
     </span>
     <span class='ocr_line' id='line_1_22' title="bbox 179 1819 1828 1893; baseline -0.006 -17"><span class='ocrx_word' id='word_1_163' title='bbox 179 1827 350 1893; x_wconf 90' lang='lat' dir='ltr'><strong>inquit</strong></span> <span class='ocrx_word' id='word_1_164' title='bbox 392 1835 404 1855; x_wconf 79' lang='lat'><strong>⁶</strong></span> <span class='ocrx_word' id='word_1_165' title='bbox 426 1834 483 1875; x_wconf 91' lang='lat' dir='ltr'><strong>ut</strong></span> <span class='ocrx_word' id='word_1_166' title='bbox 508 1825 689 1874; x_wconf 88' lang='lat' dir='ltr'><strong>deum.</strong></span> <span class='ocrx_word' id='word_1_167' title='bbox 770 1821 867 1872; x_wconf 86' lang='lat' dir='ltr'><strong>Sin</strong></span> <span class='ocrx_word' id='word_1_168' title='bbox 896 1837 1002 1870; x_wconf 91' lang='lat' dir='ltr'><strong>una</strong></span> <span class='ocrx_word' id='word_1_169' title='bbox 1029 1829 1108 1870; x_wconf 88' lang='lat' dir='ltr'><strong>est</strong></span> <span class='ocrx_word' id='word_1_170' title='bbox 1134 1820 1439 1869; x_wconf 88' lang='lat' dir='ltr'><strong>interiturus</strong></span> <span class='ocrx_word' id='word_1_171' title='bbox 1468 1819 1679 1868; x_wconf 90' lang='lat' dir='ltr'><strong>animus</strong></span> <span class='ocrx_word' id='word_1_172' title='bbox 1707 1835 1828 1867; x_wconf 87' lang='lat' dir='ltr'><strong>curn</strong></span> 
     </span>
     <span class='ocr_line' id='line_1_23' title="bbox 181 1897 1830 1970; baseline -0.007 -15"><span class='ocrx_word' id='word_1_173' title='bbox 181 1920 425 1970; x_wconf 85' lang='lat' dir='ltr'><strong>corpore,</strong></span> <span class='ocrx_word' id='word_1_174' title='bbox 455 1920 551 1952; x_wconf 90' lang='lat' dir='ltr'><strong>vos</strong></span> <span class='ocrx_word' id='word_1_175' title='bbox 589 1911 791 1957; x_wconf 88' lang='lat' dir='ltr'><strong>tamen,</strong></span> <span class='ocrx_word' id='word_1_176' title='bbox 834 1901 963 1950; x_wconf 92' lang='lat' dir='ltr'><strong>deos</strong></span> <span class='ocrx_word' id='word_1_177' title='bbox 1001 1906 1266 1956; x_wconf 87' lang='lat' dir='ltr'><strong>verentes,</strong></span> <span class='ocrx_word' id='word_1_178' title='bbox 1308 1897 1398 1963; x_wconf 87' lang='lat' dir='ltr'><strong>qui</strong></span> <span class='ocrx_word' id='word_1_179' title='bbox 1438 1898 1578 1946; x_wconf 91' lang='lat' dir='ltr'><strong>hanc</strong></span> <span class='ocrx_word' id='word_1_180' title='bbox 1617 1913 1830 1964; x_wconf 85' lang='lat' dir='ltr'><strong>omnem</strong></span> 
     </span>
     <span class='ocr_line' id='line_1_24' title="bbox 182 1973 1833 2050; baseline -0.007 -17"><span class='ocrx_word' id='word_1_181' title='bbox 182 1982 636 2050; x_wconf 86' lang='lat' dir='ltr'><strong>pulchritudinem</strong></span> <span class='ocrx_word' id='word_1_182' title='bbox 679 1987 893 2029; x_wconf 91' lang='lat' dir='ltr'><strong>tuentur</strong></span> <span class='ocrx_word' id='word_1_183' title='bbox 943 1985 994 2027; x_wconf 91' lang='lat' dir='ltr'><strong>et</strong></span> <span class='ocrx_word' id='word_1_184' title='bbox 1043 1984 1256 2044; x_wconf 87' lang='lat' dir='ltr'><strong>regunt,</strong></span> <span class='ocrx_word' id='word_1_185' title='bbox 1303 1975 1617 2024; x_wconf 88' lang='lat' dir='ltr'><strong>memoriam</strong></span> <span class='ocrx_word' id='word_1_186' title='bbox 1668 1973 1833 2024; x_wconf 88' lang='lat' dir='ltr'><strong>nostri</strong></span> 
     </span>
     <span class='ocr_line' id='line_1_25' title="bbox 183 2055 1026 2128; baseline -0.009 -16"><span class='ocrx_word' id='word_1_187' title='bbox 183 2062 270 2128; x_wconf 91' lang='lat' dir='ltr'><strong>pie</strong></span> <span class='ocrx_word' id='word_1_188' title='bbox 309 2061 668 2125; x_wconf 88' lang='lat' dir='ltr'><strong>inviolateque</strong></span> <span class='ocrx_word' id='word_1_189' title='bbox 707 2055 1026 2108; x_wconf 86' lang='lat' dir='ltr'><strong>servabitis.’</strong></span> 
     </span>
    </p>

    <p class='ocr_par' dir='ltr' id='par_1_3' title="bbox 170 2129 1842 3045">
     <span class='ocr_line' id='line_1_26' title="bbox 170 2129 1834 2205; baseline -0.006 -17"><span class='ocrx_word' id='word_1_190' title='bbox 170 2202 174 2205; x_wconf 32' lang='grc'>-</span> <span class='ocrx_word' id='word_1_191' title='bbox 254 2155 419 2189; x_wconf 85' lang='lat' dir='ltr'><strong>xxm.</strong></span> <span class='ocrx_word' id='word_1_192' title='bbox 486 2151 557 2186; x_wconf 80' lang='lat'><strong>82.</strong></span> <span class='ocrx_word' id='word_1_193' title='bbox 608 2136 787 2202; x_wconf 81' lang='lat' dir='ltr'><strong>Cyrus</strong></span> <span class='ocrx_word' id='word_1_194' title='bbox 833 2135 1050 2201; x_wconf 90' lang='lat' dir='ltr'><strong>quidem</strong></span> <span class='ocrx_word' id='word_1_195' title='bbox 1096 2133 1233 2182; x_wconf 90' lang='lat' dir='ltr'><strong>haec</strong></span> <span class='ocrx_word' id='word_1_196' title='bbox 1282 2131 1533 2181; x_wconf 88' lang='lat' dir='ltr'><strong>moriens.</strong></span> <span class='ocrx_word' id='word_1_197' title='bbox 1612 2130 1748 2186; x_wconf 92' lang='lat' dir='ltr'><strong>Nos,</strong></span> <span class='ocrx_word' id='word_1_198' title='bbox 1791 2129 1834 2178; x_wconf 91' lang='lat' dir='ltr'><strong>si</strong></span> 
     </span>
     <span class='ocr_line' id='line_1_27' title="bbox 186 2207 1835 2284; baseline -0.007 -17"><span class='ocrx_word' id='word_1_199' title='bbox 186 2219 378 2284; x_wconf 90' lang='lat' dir='ltr'><strong>placet,</strong></span> <span class='ocrx_word' id='word_1_200' title='bbox 406 2225 584 2265; x_wconf 87' lang='lat' dir='ltr'><strong>nostra</strong></span> <span class='ocrx_word' id='word_1_201' title='bbox 613 2215 910 2263; x_wconf 85' lang='lat' dir='ltr'><strong>videamus.</strong></span> <span class='ocrx_word' id='word_1_202' title='bbox 968 2212 1147 2261; x_wconf 91' lang='lat' dir='ltr'><strong>Nemo</strong></span> <span class='ocrx_word' id='word_1_203' title='bbox 1174 2226 1430 2276; x_wconf 90' lang='lat' dir='ltr'><strong>umquam</strong></span> <span class='ocrx_word' id='word_1_204' title='bbox 1459 2208 1608 2265; x_wconf 91' lang='lat' dir='ltr'><strong>mihi,</strong></span> <span class='ocrx_word' id='word_1_205' title='bbox 1633 2207 1835 2273; x_wconf 89' lang='lat' dir='ltr'><strong>Scipio,</strong></span> 
     </span>
     <span class='ocr_line' id='line_1_28' title="bbox 187 2288 1836 2362; baseline -0.007 -17"><span class='ocrx_word' id='word_1_206' title='bbox 187 2294 529 2362; x_wconf 84' lang='lat' dir='ltr'><strong>persuadebit</strong></span> <span class='ocrx_word' id='word_1_207' title='bbox 569 2302 658 2342; x_wconf 88' lang='lat' dir='ltr'><strong>aut</strong></span> <span class='ocrx_word' id='word_1_208' title='bbox 697 2301 902 2357; x_wconf 84' lang='lat' dir='ltr'><strong>patrem</strong></span> <span class='ocrx_word' id='word_1_209' title='bbox 940 2299 1090 2340; x_wconf 91' lang='lat' dir='ltr'><strong>tuum</strong></span> <span class='ocrx_word' id='word_1_210' title='bbox 1125 2289 1377 2345; x_wconf 86' lang='lat' dir='ltr'><strong>Paulum,</strong></span> <span class='ocrx_word' id='word_1_211' title='bbox 1409 2297 1497 2336; x_wconf 91' lang='lat' dir='ltr'><strong>aut</strong></span> <span class='ocrx_word' id='word_1_212' title='bbox 1536 2288 1668 2336; x_wconf 88' lang='lat' dir='ltr'><strong>duos</strong></span> <span class='ocrx_word' id='word_1_213' title='bbox 1709 2302 1836 2335; x_wconf 89' lang='lat' dir='ltr'><strong>avos</strong></span> 
     </span>
     <span class='ocr_line' id='line_1_29' title="bbox 186 2367 1837 2435; baseline -0.007 -12"><span class='ocrx_word' id='word_1_214' title='bbox 186 2374 417 2423; x_wconf 88' lang='lat' dir='ltr'><strong>Paulum</strong></span> <span class='ocrx_word' id='word_1_215' title='bbox 464 2381 514 2435; x_wconf 89' lang='lat' dir='ltr'><strong>et</strong></span> <span class='ocrx_word' id='word_1_216' title='bbox 552 2370 894 2426; x_wconf 88' lang='lat' dir='ltr'><strong>Africanum,</strong></span> <span class='ocrx_word' id='word_1_217' title='bbox 937 2378 1027 2418; x_wconf 90' lang='lat' dir='ltr'><strong>aut</strong></span> <span class='ocrx_word' id='word_1_218' title='bbox 1065 2367 1309 2418; x_wconf 89' lang='lat' dir='ltr'><strong>Africani</strong></span> <span class='ocrx_word' id='word_1_219' title='bbox 1361 2374 1568 2432; x_wconf 88' lang='lat' dir='ltr'><strong>patrem</strong></span> <span class='ocrx_word' id='word_1_220' title='bbox 1608 2373 1697 2413; x_wconf 87' lang='lat' dir='ltr'><strong>aut</strong></span> <span class='ocrx_word' id='word_1_221' title='bbox 1743 2379 1837 2428; x_wconf 88' lang='lat' dir='ltr'><strong>pa-</strong></span> 
     </span>
     <span class='ocr_line' id='line_1_30' title="bbox 187 2446 1837 2512; baseline -0.007 -11"><span class='ocrx_word' id='word_1_222' title='bbox 187 2462 384 2508; x_wconf 88' lang='lat' dir='ltr'><strong>truum,</strong></span> <span class='ocrx_word' id='word_1_223' title='bbox 429 2459 517 2499; x_wconf 89' lang='lat' dir='ltr'><strong>aut</strong></span> <span class='ocrx_word' id='word_1_224' title='bbox 561 2449 756 2497; x_wconf 91' lang='lat' dir='ltr'><strong>multos</strong></span> <span class='ocrx_word' id='word_1_225' title='bbox 798 2447 1118 2512; x_wconf 88' lang='lat' dir='ltr'><strong>praestantis</strong></span> <span class='ocrx_word' id='word_1_226' title='bbox 1158 2446 1300 2495; x_wconf 87' lang='lat' dir='ltr'><strong>viros</strong></span> <span class='ocrx_word' id='word_1_227' title='bbox 1345 2461 1476 2510; x_wconf 93' lang='lat' dir='ltr'><strong>quos</strong></span> <span class='ocrx_word' id='word_1_228' title='bbox 1522 2455 1837 2491; x_wconf 86' lang='lat' dir='ltr'><strong>enumerare</strong></span> 
     </span>
     <span class='ocr_line' id='line_1_31' title="bbox 190 2518 1838 2590; baseline -0.007 -11"><span class='ocrx_word' id='word_1_229' title='bbox 190 2547 296 2579; x_wconf 91' lang='lat' dir='ltr'><strong>non</strong></span> <span class='ocrx_word' id='word_1_230' title='bbox 324 2537 402 2578; x_wconf 90' lang='lat' dir='ltr'><strong>est</strong></span> <span class='ocrx_word' id='word_1_231' title='bbox 428 2543 666 2583; x_wconf 88' lang='lat' dir='ltr'><strong>necesse,</strong></span> <span class='ocrx_word' id='word_1_232' title='bbox 694 2533 840 2574; x_wconf 87' lang='lat' dir='ltr'><strong>tanta</strong></span> <span class='ocrx_word' id='word_1_233' title='bbox 868 2541 987 2574; x_wconf 85' lang='lat' dir='ltr'><strong>esse</strong></span> <span class='ocrx_word' id='word_1_234' title='bbox 1015 2533 1233 2573; x_wconf 91' lang='lat' dir='ltr'><strong>conatos</strong></span> <span class='ocrx_word' id='word_1_235' title='bbox 1259 2539 1398 2590; x_wconf 89' lang='lat' dir='ltr'><strong>quae</strong></span> <span class='ocrx_word' id='word_1_236' title='bbox 1426 2522 1493 2570; x_wconf 88' lang='lat' dir='ltr'><strong>ad</strong></span> <span class='ocrx_word' id='word_1_237' title='bbox 1522 2518 1838 2586; x_wconf 87' lang='lat' dir='ltr'><strong>posteritatis</strong></span> 
     </span>
     <span class='ocr_line' id='line_1_32' title="bbox 191 2597 1838 2670; baseline -0.006 -14"><span class='ocrx_word' id='word_1_238' title='bbox 191 2606 506 2657; x_wconf 86' lang='lat' dir='ltr'><strong>memoriam</strong></span> <span class='ocrx_word' id='word_1_239' title='bbox 535 2604 880 2670; x_wconf 86' lang='lat' dir='ltr'><strong>pertinerent,</strong></span> <span class='ocrx_word' id='word_1_240' title='bbox 910 2602 1012 2651; x_wconf 92' lang='lat' dir='ltr'><strong>nisi</strong></span> <span class='ocrx_word' id='word_1_241' title='bbox 1053 2602 1232 2651; x_wconf 89' lang='lat' dir='ltr'><strong>animo</strong></span> <span class='ocrx_word' id='word_1_242' title='bbox 1259 2608 1540 2650; x_wconf 87' lang='lat' dir='ltr'><strong>cernerent</strong></span> <span class='ocrx_word' id='word_1_243' title='bbox 1566 2597 1838 2663; x_wconf 85' lang='lat' dir='ltr'><strong>posterita-</strong></span> 
     </span>
     <span class='ocr_line' id='line_1_33' title="bbox 190 2673 1840 2747; baseline -0.007 -12"><span class='ocrx_word' id='word_1_244' title='bbox 190 2694 296 2735; x_wconf 89' lang='lat' dir='ltr'><strong>tem</strong></span> <span class='ocrx_word' id='word_1_245' title='bbox 319 2684 387 2732; x_wconf 92' lang='lat' dir='ltr'><strong>ad</strong></span> <span class='ocrx_word' id='word_1_246' title='bbox 410 2699 466 2732; x_wconf 88' lang='lat' dir='ltr'><strong>se</strong></span> <span class='ocrx_word' id='word_1_247' title='bbox 488 2682 767 2747; x_wconf 87' lang='lat' dir='ltr'><strong>pertinere.</strong></span> <span class='ocrx_word' id='word_1_248' title='bbox 819 2679 910 2729; x_wconf 93' lang='lat' dir='ltr'><strong>An</strong></span> <span class='ocrx_word' id='word_1_249' title='bbox 938 2696 1127 2729; x_wconf 89' lang='lat' dir='ltr'><strong>censes</strong></span> <span class='ocrx_word' id='word_1_250' title='bbox 1145 2708 1211 2715; x_wconf 90' lang='lat'>—</span> <span class='ocrx_word' id='word_1_251' title='bbox 1229 2687 1286 2727; x_wconf 90' lang='lat' dir='ltr'><strong>ut</strong></span> <span class='ocrx_word' id='word_1_252' title='bbox 1306 2679 1372 2728; x_wconf 89' lang='lat' dir='ltr'><strong>de</strong></span> <span class='ocrx_word' id='word_1_253' title='bbox 1395 2694 1478 2726; x_wconf 85' lang='lat' dir='ltr'><strong>me</strong></span> <span class='ocrx_word' id='word_1_254' title='bbox 1501 2676 1616 2741; x_wconf 90' lang='lat' dir='ltr'><strong>ipso</strong></span> <span class='ocrx_word' id='word_1_255' title='bbox 1639 2673 1840 2742; x_wconf 87' lang='lat' dir='ltr'><strong>aliquid</strong></span> 
     </span>
     <span class='ocr_line' id='line_1_34' title="bbox 194 2755 1840 2825; baseline -0.007 -13"><span class='ocrx_word' id='word_1_256' title='bbox 194 2778 339 2812; x_wconf 89' lang='lat' dir='ltr'><strong>more</strong></span> <span class='ocrx_word' id='word_1_257' title='bbox 373 2777 560 2810; x_wconf 89' lang='lat' dir='ltr'><strong>senum</strong></span> <span class='ocrx_word' id='word_1_258' title='bbox 599 2759 985 2825; x_wconf 83' lang='lat' dir='ltr'><strong>glorier—me</strong></span> <span class='ocrx_word' id='word_1_259' title='bbox 1019 2765 1192 2806; x_wconf 88' lang='lat' dir='ltr'><strong>tantos</strong></span> <span class='ocrx_word' id='word_1_260' title='bbox 1231 2756 1441 2805; x_wconf 91' lang='lat' dir='ltr'><strong>labores</strong></span> <span class='ocrx_word' id='word_1_261' title='bbox 1470 2755 1690 2804; x_wconf 90' lang='lat' dir='ltr'><strong>diurnos</strong></span> <span class='ocrx_word' id='word_1_262' title='bbox 1714 2767 1840 2802; x_wconf 90' lang='lat' dir='ltr'><strong>noc-</strong></span> 
     </span>
     <span class='ocr_line' id='line_1_35' title="bbox 192 2829 1839 2905; baseline -0.007 -15"><span class='ocrx_word' id='word_1_263' title='bbox 192 2850 482 2905; x_wconf 89' lang='lat' dir='ltr'><strong>turnosque</strong></span> <span class='ocrx_word' id='word_1_264' title='bbox 501 2837 644 2886; x_wconf 90' lang='lat' dir='ltr'><strong>domi</strong></span> <span class='ocrx_word' id='word_1_265' title='bbox 663 2835 987 2902; x_wconf 88' lang='lat' dir='ltr'><strong>militiaeque</strong></span> <span class='ocrx_word' id='word_1_266' title='bbox 1010 2841 1382 2899; x_wconf 88' lang='lat' dir='ltr'><strong>suscepturum</strong></span> <span class='ocrx_word' id='word_1_267' title='bbox 1402 2833 1584 2888; x_wconf 89' lang='lat' dir='ltr'><strong>fuisse,</strong></span> <span class='ocrx_word' id='word_1_268' title='bbox 1606 2831 1649 2880; x_wconf 90' lang='lat' dir='ltr'><strong>si</strong></span> <span class='ocrx_word' id='word_1_269' title='bbox 1663 2829 1839 2880; x_wconf 86' lang='lat' dir='ltr'><strong>isdem</strong></span> 
     </span>
     <span class='ocr_line' id='line_1_36' title="bbox 195 2907 1842 2982; baseline -0.006 -16"><span class='ocrx_word' id='word_1_270' title='bbox 195 2918 390 2967; x_wconf 88' lang='lat' dir='ltr'><strong>finibus</strong></span> <span class='ocrx_word' id='word_1_271' title='bbox 433 2916 661 2982; x_wconf 84' lang='lat' dir='ltr'><strong>gloriam</strong></span> <span class='ocrx_word' id='word_1_272' title='bbox 707 2929 882 2962; x_wconf 89' lang='lat' dir='ltr'><strong>meam</strong></span> <span class='ocrx_word' id='word_1_273' title='bbox 924 2913 1118 2978; x_wconf 89' lang='lat' dir='ltr'><strong>quibus</strong></span> <span class='ocrx_word' id='word_1_274' title='bbox 1158 2911 1324 2960; x_wconf 89' lang='lat' dir='ltr'><strong>vitam</strong></span> <span class='ocrx_word' id='word_1_275' title='bbox 1368 2927 1542 2959; x_wconf 85' lang='lat' dir='ltr'><strong>essem</strong></span> <span class='ocrx_word' id='word_1_276' title='bbox 1591 2907 1842 2958; x_wconf 85' lang='lat' dir='ltr'><strong>termina-</strong></span> 
     </span>
     <span class='ocr_line' id='line_1_37' title="bbox 196 2987 1841 3045; baseline -0.007 0"><span class='ocrx_word' id='word_1_277' title='bbox 196 2994 378 3045; x_wconf 82' lang='lat' dir='ltr'><strong>turus?</strong></span> <span class='ocrx_word' id='word_1_278' title='bbox 453 2993 650 3043; x_wconf 90' lang='lat' dir='ltr'><strong>Nonne</strong></span> <span class='ocrx_word' id='word_1_279' title='bbox 690 2991 881 3040; x_wconf 90' lang='lat' dir='ltr'><strong>melius</strong></span> <span class='ocrx_word' id='word_1_280' title='bbox 921 2990 1086 3039; x_wconf 91' lang='lat' dir='ltr'><strong>multo</strong></span> <span class='ocrx_word' id='word_1_281' title='bbox 1125 2989 1311 3038; x_wconf 84' lang='lat' dir='ltr'><strong>fuisset</strong></span> <span class='ocrx_word' id='word_1_282' title='bbox 1347 2987 1573 3039; x_wconf 89' lang='lat' dir='ltr'><strong>otiosam</strong></span> <span class='ocrx_word' id='word_1_283' title='bbox 1612 2992 1841 3034; x_wconf 87' lang='lat' dir='ltr'><strong>aetatem</strong></span> 
     </span>
    </p>
   </div>
   <div class='ocr_carea' id='block_1_3' title="bbox 1915 3051 2046 3184">
    <p class='ocr_par' dir='ltr' id='par_1_4' title="bbox 1915 3051 2046 3184">
     <span class='ocr_line' id='line_1_38' title="bbox 1915 3051 2046 3184; baseline 0 0"><span class='ocrx_word' id='word_1_284' title='bbox 1915 3051 2046 3184; x_wconf 95' lang='lat' dir='ltr'><strong> </strong></span> 
     </span>
    </p>
   </div>
  </div>
 </body>
</html>
