2046 3184
183 105 248 155 26
502 160 511 170 ,
805 109 888 160 On
924 108 1034 161 Old
1053 110 1198 177 Age.
1543 91 1682 183 [cm.
1707 132 1825 184 MAJ,

177 260 270 311 diu
296 277 354 312 se
379 261 665 322 victurum,
695 264 837 331 quod
865 282 1082 331 sperare
1121 266 1263 317 idern
1291 284 1458 318 senex
1485 285 1592 319 non
1619 271 1827 335 potest!

177 338 496 405 Insipienter
530 351 726 407 sperat.
807 341 958 407 Qid
996 343 1138 393 enim
1179 346 1385 396 stultius
1424 363 1586 413 quam
1623 347 1826 398 incerta

174 434 271 483 pro
300 419 455 469 certis
483 420 701 478 habere,
731 420 867 471 falsa
893 438 990 487 pro
1016 421 1190 472 veris?
1232 406 1274 454 υ(
1296 422 1370 473 At
1395 441 1562 474 senex
1587 442 1655 476 ne
1682 427 1822 493 quod

174 504 353 561 speret
389 497 606 563 quidem
647 499 840 548 habet.’
925 498 999 548 At
1036 508 1115 549 est
1151 517 1215 550 eo
1253 502 1471 552 meliore
1511 504 1824 555 condicione

173 591 337 640 quam
377 576 714 635 adulescens,
751 593 873 626 cum
901 574 960 626 'id
987 579 1131 643 quod
1168 579 1257 628 ille
1295 588 1475 645 sperat
1512 581 1599 631 hic
1637 598 1824 632 conse-

174 660 327 701 cutus
378 662 474 702 est.
554 653 650 702 Ille
689 655 798 703 volt
848 654 938 703 diu
988 655 1203 713 vivere3
1253 657 1341 706 hic
1390 658 1482 707 diu
1522 658 1672 708 vixit.
1749 673 1823 710 69.

176 728 544 817 Qamquam‚
576 730 626 780 O
653 731 724 780 Di
750 731 909 781 boni.
951 732 1076 798 quid
1105 742 1184 783 est
1220 733 1275 783 in
1303 735 1535 785 hominis
1561 737 1667 786 vita
1694 738 1821 789 diu?

173 807 259 856 Da
299 809 441 856 enim
483 826 794 874 supremum
846 818 1088 875 tempus:
1142 821 1516 877 exspectemus
1554 814 1822 866 Tartessi-

172 891 322 934 orum
364 886 508 953 regis
547 896 795 936 aetatem.
889 887 1012 936 Fuit
1050 889 1214 947 enim,
1255 898 1312 938 ut
1350 891 1602 956 scriptum
1640 894 1817 954 video,

171 963 580 1031 Arganthonius
626 966 844 1031 quidam
886 965 1130 1015 Gadibus
1169 967 1258 1033 qui
1309 969 1580 1035 octoginta
1625 987 1820 1038 regna-

170 1050 319 1091 veiat
369 1059 558 1100 annos,
602 1052 813 1092 centum
866 1043 1054 1111 viginti
1099 1044 1320 1094 vixerat.
1410 1045 1520 1096 Sed
1571 1048 1700 1097 mihi
1750 1067 1819 1099 ne

171 1100 478 1169 diuturnum
506 1121 721 1186 quidem
751 1121 1039 1188 quicquam
1066 1122 1311 1171 videtur
1299 1140 1353 1172 111
1380 1140 1485 1189 quo
1513 1133 1591 1174 est
1617 1125 1818 1194 aliquid

169 1207 501 1247 ext1·:emum
566 1216 687 1247 cum
740 1199 882 1248 enim
945 1200 998 1249 id
1052 1200 1282 1258 advenit,
1333 1210 1442 1250 tum
1495 1202 1625 1252 illud
1675 1206 1818 1271 quod

168 1277 438 1343 praeteriit
494 1277 730 1334 effluxit3
796 1286 1000 1326 tantum
1046 1287 1286 1328 remanet
1335 1280 1477 1345 quod
1527 1281 1717 1332 virtute
1767 1292 1820 1334 et
1885 1311 1890 1316 ·

167 1364 309 1404 recte
343 1355 495 1405 factis
535 1364 852 1415 consecutus
893 1355 982 1405 sis.
1065 1355 1247 1406 Horae
1286 1357 1501 1423 quidem
1534 1360 1730 1410 cedunt
1768 1370 1818 1412 et

166 1433 280 1483 dies
302 1442 353 1482 et
373 1450 585 1483 menses
607 1444 656 1483 et
677 1433 822 1490 anni,
849 1450 948 1483 nec
966 1434 1307 1499 praeteritum
1330 1444 1538 1502 tempus
1559 1455 1816 1506 umquam

165 1513 462 1569 revertitur,
493 1529 594 1562 nec
629 1512 756 1578 quid
797 1522 1049 1578 sequatur
1087 1513 1207 1562 sciri
1246 1522 1435 1579 potest.
1513 1514 1675 1579 Qod
1707 1518 1842 1567 cui-³·-

164 1606 267 1656 que
304 1599 407 1639 tem
452 1590 558 1640 oris
597 1591 665 1640 ad
703 1590 994 1640 vivendum
1032 1591 1205 1649 datur,
1241 1609 1304 1641 eo
1342 1593 1499 1642 debet
1536 1610 1651 1644 esse
1691 1612 1818 1645 con-

162 1607 507 1721 tentusxspw,
568 1668 762 1736 Neque
803 1670 946 1718 enim
986 1669 1248 1727 histrioni,
1293 1680 1345 1719 ut
1390 1672 1620 1736 placeat,
1660 1669 1816 1738 pera-

163 1747 345 1814 genda
394 1747 577 1797 fabula
623 1756 733 1804 est3
788 1748 947 1797 modo
997 1747 1053 1796 in
1097 1765 1436 1815 quocumque
1487 1750 1644 1800 suerit
1693 1762 1814 1802 actu

162 1826 446 1890 probetur3
475 1843 649 1892 neque
678 1826 904 1892 sapienti
932 1843 1100 1892 usque
1125 1827 1191 1876 ad
1211 1826 1470 1876 Plaudite
1489 1829 1812 1880 veniendum

163 1912 260 1951 est.
339 1902 512 1952 Breve
549 1905 691 1952 enim
731 1913 942 1970 tempus
982 1905 1167 1954 aetatis
1206 1906 1332 1955 satis
1370 1906 1591 1973 longum
1627 1916 1706 1957 est
1745 1909 1813 1958 ad

160 1980 298 2030 bene
331 1982 657 2048 honesteque
696 1983 1006 2031 vivendum.
1085 1982 1183 2032 Sin
1223 1985 1538 2048 processerit
1573 1986 1809 2054 longius,

161 2076 269 2108 non
298 2060 472 2126 magis
500 2061 791 2109 dolendum
832 2070 910 2110 est
937 2077 1097 2127 quam
1127 2062 1400 2127 agricolae
1428 2063 1627 2121 dolent,
1658 2081 1812 2129 prae-

159 2137 312 2186 terita
338 2137 489 2186 verni
528 2141 783 2203 temporis
819 2139 1079 2188 suavitate
1107 2147 1360 2188 aestatem
1390 2133 1810 2208 autumnumque

159 2215 390 2264 venisse.
457 2215 570 2265 Ver
597 2216 738 2265 enim
768 2225 1042 2282 tamquam
1072 2218 1491 2266 adulescentiam
1519 2219 1787 2286 significat

159 2294 494 2360 ostenditque
521 2294 721 2343 fructus
750 2294 985 2343 futuros:
1023 2295 1226 2360 reliqua
1255 2305 1430 2344 autern
1459 2305 1698 2362 tempora
1719 2299 1783 2347 de

161 2372 421 2420 metendis
461 2372 717 2421 fructibus
750 2381 800 2421 et
832 2372 1191 2437 percipiendis
1224 2375 1628 2423 accommodata
1664 2384 1804 2425 sunt.

158 2462 220 2498 71.
281 2449 508 2499 Fructus
547 2459 724 2498 autern
765 2451 1050 2505 senectutis
1091 2459 1186 2507 est,
1228 2461 1284 2499 ut
1322 2467 1484 2516 saepe
1522 2452 1654 2510 dixi,
1685 2462 1808 2502 ante

159 2536 430 2593 partorum
466 2529 723 2577 bonorum
768 2528 1025 2577 memoria
1065 2536 1114 2576 et
1152 2528 1323 2593 copia.
1404 2528 1600 2578 Omnia
1629 2539 1805 2582 autem

159 2622 296 2672 quae
323 2607 617 2655 secundum
647 2615 889 2654 naturam
919 2606 1069 2660 fiunt,
1100 2615 1220 2654 sunt
1259 2606 1506 2655 habenda
1544 2607 1599 2656 in
1629 2607 1801 2657 bonis.

161 2682 308 2748 Qid
337 2692 415 2733 est
452 2694 628 2733 autern
655 2694 762 2732 tam
793 2683 1087 2732 secundum
1121 2692 1364 2731 naturam
1393 2700 1554 2749 quarn
1589 2684 1804 2736 senibus

160 2761 361 2812 emori?
401 2763 542 2828 quod
570 2763 711 2811 idem
742 2761 1000 2828 contingit
1028 2761 1459 2811 adulescentibus
1486 2762 1804 2813 adversante

159 2850 210 2891 et
236 2849 572 2907 repugnante
600 2849 808 2889 natura.
888 2840 1075 2905 Itaque
1104 2839 1474 2888 adulescentes
1501 2839 1630 2888 mihi
1669 2839 1802 2890 mori

160 2918 237 2968 sic
274 2918 538 2978 videntur,
579 2926 637 2967 ut
675 2935 795 2967 cum
838 2934 1009 2983 aquae
1056 2917 1389 2966 multitudine
1427 2916 1679 2967 flammae
1721 2918 1802 2968 vis

159 2996 505 3061 opprimiturz
546 3013 702 3046 senes
730 3005 904 3045 autern
947 2995 1023 3044 sic
1061 3002 1116 3043 ut
1144 3011 1263 3043 cum
1293 3011 1388 3044 sua
1416 3004 1623 3060 sponte,
1652 2996 1799 3046 nulla
