2046 3184
190 126 323 159 XXIII·
357 118 444 173 85·]
584 119 846 187 Prospect
881 120 956 184 os
976 136 1010 167 a
1046 118 1242 168 Better
1277 118 1428 186 Lg‘fe.
1757 134 1820 184 31

190 281 240 323 et
265 273 498 340 quietam
525 273 639 323 sine
679 274 790 322 ullo
828 272 1011 323 labore
1049 281 1101 322 et
1138 272 1472 323 contentione
1509 273 1825 323 traducere?

190 350 301 401 Sed
327 351 507 418 nescio
533 351 831 417 quomodo
869 350 1080 400 animus
1119 351 1334 417 erigens
1372 367 1428 400 se
1468 351 1825 416 posteritatem

188 429 259 478 ita
299 446 508 494 semper
546 428 922 494 prospiciebat,
951 428 1103 494 quasi
1142 444 1266 477 cum
1304 429 1622 478 excessisset
1660 445 1688 478 e
1719 429 1825 478 vita

187 515 297 555 tum
337 507 566 573 denique
600 506 834 555 victurus
874 514 1032 554 esset.
1113 504 1275 570 Qod
1313 506 1528 572 quidem
1568 506 1621 554 ni
1660 506 1731 555 ita
1770 523 1826 556 se

188 585 424 640 haberet,
450 593 505 633 ut
531 584 693 633 animi
721 583 1028 632 inmortales
1051 591 1248 644 essent,
1274 584 1418 632 haud
1439 583 1621 648 optimi
1650 584 1826 633 cuius-

188 677 291 727 que
327 661 535 710 animus
576 661 807 709 maxime
844 660 913 709 ad
951 660 1339 710 inmortalitatis
1378 661 1605 727 gloriam
1637 661 1827 711 nitere-

188 747 288 787 tur.
341 752 412 788 83.
452 738 618 803 Qid,
643 739 782 805 quod
809 738 1232 802 sapientissimus
1254 739 1477 804 quisque
1506 739 1827 805 aequissimo

189 816 368 866 animo
397 817 631 874 moritur,
662 815 998 865 stultissimus
1028 815 1392 882 iniquissimo?
1454 816 1650 866 Nonne
1676 818 1826 867 vobis

187 893 395 943 videtur
420 894 464 943 is
491 895 720 951 animus,
750 894 839 959 qui
872 894 990 958 plus
1019 903 1200 942 cernat
1227 903 1277 943 et
1303 895 1534 961 longius,
1562 894 1742 944 videre
1770 911 1827 944 se

189 972 258 1020 ad
284 972 505 1021 meliora
532 971 828 1037 proficisci3
867 971 957 1020 ille
997 980 1173 1020 autem
1203 972 1286 1021 cui
1314 972 1548 1022 obtusior
1580 973 1646 1022 sit
1683 966 1833 1022 acies*

188 1065 296 1098 non
335 1048 552 1098 videre?
630 1048 895 1115 Equidem
938 1048 1131 1099 efferor
1172 1049 1344 1099 studio
1384 1059 1561 1116 patres
1601 1058 1825 1109 vestros,

187 1129 321 1192 quos
356 1127 494 1176 colui
536 1135 587 1176 et
626 1127 809 1184 dilexi,
846 1127 1095 1183 videndi3
1136 1143 1312 1193 neque
1353 1144 1480 1177 vero
1523 1144 1614 1178 eos
1655 1128 1828 1178 solum

189 1205 474 1254 convenire
516 1221 648 1254 aveo
673 1221 805 1271 quos
843 1205 958 1270 ipse
991 1205 1241 1271 cognovi,
1273 1206 1367 1255 sed
1393 1205 1539 1255 illos
1564 1205 1723 1254 etiam
1762 1205 1829 1255 de

188 1282 380 1348 quibus
408 1282 586 1332 audivi
614 1290 666 1331 et
702 1282 810 1349 legi
847 1291 898 1332 et
934 1283 1048 1348 ipse
1077 1282 1383 1348 conscripsi.
1461 1282 1586 1347 Qo
1612 1283 1828 1349 quidem

188 1377 274 1410 me
315 1359 739 1425 proficiscentem
786 1361 930 1409 haud
973 1377 1101 1410 sane
1152 1360 1270 1427 quis
1321 1361 1479 1410 facile
1529 1361 1826 1417 retraxerit,

187 1454 288 1487 nec
348 1446 621 1504 tamquam
673 1437 877 1486 Peliam
935 1439 1215 1488 recoxerit.
1318 1438 1386 1488 Et
1434 1438 1478 1488 si
1528 1439 1647 1505 quis
1697 1439 1829 1488 deus

189 1518 320 1566 mihi
363 1518 623 1584 largiatur
665 1525 723 1566 ut
766 1535 834 1567 ex
885 1518 988 1567 hac
1029 1527 1198 1567 aetate
1248 1535 1626 1584 repuerascam
1663 1527 1726 1576 ¹et
1775 1519 1828 1567 in

188 1596 340 1645 cunis
376 1595 616 1662 vagiam,
645 1595 804 1645 valde
842 1612 1117 1654 recusem3
1158 1613 1259 1646 nec
1295 1613 1423 1647 vero
1459 1597 1642 1654 velim,
1676 1597 1828 1663 quasi

187 1674 412 1723 decurso
439 1673 631 1738 spatio,
661 1673 729 1722 ad
756 1689 998 1723 carceres
1026 1690 1056 1722 a
1085 1675 1232 1724 calce
1259 1675 1518 1724 revocari.
1573 1688 1649 1741 84,
1681 1674 1829 1740 Qid

187 1751 330 1800 enim
363 1751 523 1800 habet
557 1750 663 1799 vita
704 1750 1005 1800 commodi?
1071 1751 1219 1817 Qid
1252 1769 1357 1802 non
1394 1752 1567 1817 potius
1599 1751 1830 1803 laboris?

188 1828 298 1879 Sed
340 1829 534 1878 habeat
579 1844 740 1877 sane:
782 1829 943 1877 habet
990 1839 1128 1878 certe
1175 1839 1354 1879 tamen
1402 1839 1490 1879 aut
1533 1831 1828 1881 satietatem

188 1915 278 1955 aut
316 1906 582 1973 modumq)
632 1904 757 1955 Non
797 1907 941 1955 lubet
979 1907 1121 1956 enim
1161 1907 1289 1956 mihi
1330 1908 1610 1973 deplorare
1640 1908 1826 1966 vitam,

187 1990 328 2055 quod
356 1989 504 2037 multi
533 1996 582 2036 et
607 1988 642 2036 ii
671 1988 808 2038 docti
837 1977 999 2054 saepe
1026 1989 1296 2040 fecerunt:
1325 2007 1498 2057 neque
1526 2008 1610 2040 me
1631 1991 1828 2042 vixisse

187 2066 438 2131 paenitet,
480 2066 732 2131 quoniam
774 2066 844 2114 ita
886 2067 994 2116 vixi
1036 2076 1092 2116 ut
1136 2086 1242 2119 non
1284 2068 1476 2118 frustra
1518 2086 1603 2118 me
1646 2079 1828 2119 natum

187 2145 503 2194 existumem
525 2161 536 2200 3
566 2153 616 2192 et
643 2160 710 2192 ex
730 2144 836 2193 vita
863 2145 933 2193 ita
955 2145 1172 2195 discedo
1195 2155 1466 2213 tamquam
1488 2162 1556 2196 ex
1578 2147 1824 2213 hospitio,

186 2238 294 2271 non
342 2229 614 2287 tamquam
667 2238 694 2269 e
746 2222 923 2272 domo.
1014 2222 1588 2274 Commorandienim
1639 2235 1827 2275 natura

187 2298 549 2348 devorsorium
590 2299 762 2356 nobis,
793 2317 900 2349 non
938 2301 1212 2350 habitandi
1239 2302 1403 2351 dedit.
1480 2316 1548 2351 85.
1599 2303 1648 2353 O
1675 2321 1828 2368 prae·
1881 2329 1887 2336 ν

188 2377 390 2426 clarum
438 2377 598 2433 diem,
640 2393 760 2425 cum
809 2377 861 2426 in
904 2378 1036 2428 illud
1078 2379 1315 2428 divinum
1363 2383 1658 2433 animorum
1702 2400 1828 2433 con-

187 2453 367 2503 cilium
396 2463 710 2520 coetumque
739 2456 1066 2520 proficiscar,
1097 2476 1326 2526 cumque
1353 2477 1421 2509 ex
1448 2461 1551 2510 hac
1589 2463 1740 2510 turba
1777 2469 1828 2510 et

188 2531 505 2580 conluvione
546 2532 870 2582 discedaml·
946 2534 1264 2586 Proficiscar
1301 2539 1443 2587 enim
1482 2556 1588 2588 non
1629 2539 1694 2586 ad
1736 2555 1827 2589 eos

188 2611 357 2659 solum
386 2611 525 2660 viros
552 2612 617 2660 de
644 2613 836 2678 quibus
863 2623 984 2664 ante
1011 2616 1141 2674 dixi,
1171 2633 1359 2667 verum
1386 2619 1544 2667 etiam
1572 2619 1638 2668 ad
1668 2617 1828 2668 Cato-

187 2704 310 2736 nem
351 2705 547 2745 meum,
578 2706 682 2754 quo
711 2708 866 2740 nemo
892 2693 972 2741 vir
999 2694 1185 2743 melior
1210 2704 1365 2745 natus
1392 2705 1488 2754 est,
1519 2714 1678 2748 nemo
1715 2698 1826 2765 pie-

186 2773 292 2814 tate
319 2768 700 2829 praestantior3
742 2769 892 2835 cujus
920 2788 950 2819 a
979 2790 1063 2821 me
1100 2790 1291 2839 corpus
1320 2783 1397 2824 est
1423 2786 1736 2835 crematum,
1754 2803 1828 2812 —-

188 2842 329 2910 quod
357 2852 538 2891 contra
567 2845 742 2894 decuit
777 2847 843 2895 ab
882 2848 973 2898 illo
1001 2867 1200 2908 meum,
1218 2882 1288 2888 —
1307 2853 1514 2902 animus
1552 2871 1678 2904 vero
1717 2873 1824 2906 non

189 2935 273 2968 me
295 2921 567 2978 deserens,
593 2923 686 2971 sed
714 2934 1040 2988 respectans,
1065 2928 1119 2977 in
1141 2946 1203 2978 ea
1225 2930 1461 2995 profecto
1488 2932 1604 2981 loca
1628 2933 1824 2984 disces-

189 2997 272 3055 sit,
302 2998 557 3064 quo'mihi
585 2999 684 3065 ipsi
713 3004 962 3054 cernebat
988 3023 1104 3056 esse
1124 3008 1463 3058 veniendum.
1520 3009 1698 3075 Qem
1721 3028 1823 3079 ego
