2046 3184
204 101 283 136 xri.
303 95 392 150 41.]
691 79 745 130 Τ
735 81 800 130 ke
823 81 961 132 Loss
986 49 1060 147 ff
1079 82 1361 132 Pleasure.
1779 97 1837 149 15

205 241 468 284 senectus.
547 233 628 284 Ita
667 208 865 284 sehsim
905 235 1018 285 sine
1057 253 1216 286 sensu
1255 245 1401 286 aetas
1440 235 1701 294 senescit3
1741 254 1840 287 nec

204 313 376 361 subito
403 312 685 379 frangitur,
715 313 808 361 sed
837 313 1174 362 diuturnitate
1203 314 1577 380 exstinguitur.

273 405 373 438 XII.
427 403 499 438 39,
538 389 789 455 Sequitur
825 390 976 439 tertia
1016 390 1328 456 vituperatio
1369 392 1838 459 senectutis‚quod

202 483 322 515 earn
350 483 531 516 carere
559 468 741 516 dicunt
761 468 1137 532 voluptatibus.
1207 467 1256 516 O
1283 469 1620 532 praeclarum
1642 487 1835 519 munus

202 543 407 602 aetatis,
437 545 479 593 si
506 545 722 610 quidem
748 545 800 593 id
829 545 998 593 aufert
1024 561 1053 593 a
1082 545 1233 594 nobis
1260 546 1402 610 quod
1430 555 1508 595 est
1544 547 1598 595 in
1626 548 1837 596 adules-

202 621 374 671 centia
411 620 840 670 vitiosissimum!
915 620 1160 686 Accipite
1200 622 1362 680 enim,
1403 624 1585 688 optimi
1628 625 1837 674 adules-

200 707 399 755 centes,
431 708 663 748 veterem
700 699 992 748 orationem
1020 697 1297 765 Archytae
1323 700 1620 759 Tarentini,
1653 702 1835 767 magni

200 775 252 823 in
282 775 464 840 primis
504 784 553 824 et
592 776 851 840 praeclari
880 776 997 832 viri,
1029 793 1165 841 quae
1205 778 1332 826 mihi
1370 779 1558 827 tradita
1599 788 1676 828 est
1714 795 1834 828 cum

200 870 370 902 essem
398 854 714 902 adulescens
739 853 960 901 Tarenti
989 869 1108 902 cum
1145 853 1226 918 Q
1253 853 1530 914 Maximo:
1573 865 1585 886 ⁶
1608 855 1829 905 Nullam

200 930 561 995 capitaliorem
590 939 792 995 pestem
820 946 981 995 quam
1002 932 1323 996 voluptatem
1347 934 1581 998 corporis
1609 934 1836 982 homini-

202 1009 297 1056 bus
335 1008 546 1056 dicebat
578 1024 610 1056 a
642 1016 829 1056 natura
858 1008 1055 1065 datam,
1087 1009 1610 1098 cuiusjvoluptatis]
1645 1012 1833 1060 avidae

198 1085 444 1134 libidines
462 1094 659 1133 temere
679 1093 729 1133 et
749 1085 1015 1134 ecfrenate
1038 1087 1103 1135 ad
1128 1088 1433 1151 potiendum
1455 1089 1830 1146 inc-itarentur3

201 1176 271 1212 40.
309 1162 433 1211 hinc
458 1161 679 1226 patriae
718 1163 1061 1228 proditiones,
1106 1164 1229 1213 hinc
1272 1182 1448 1214 rerum
1498 1166 1831 1230 publicarum

198 1239 521 1296 eversiones,
566 1239 691 1288 hinc
740 1256 860 1289 cum
906 1241 1142 1290 hostibus
1170 1242 1510 1300 ,clandestina
1551 1245 1832 1310 conloquia

196 1317 378 1373 nasci;
418 1317 624 1366 nullum
653 1318 881 1384 denique
920 1319 1114 1375 scelus,
1145 1320 1347 1368 nullum
1389 1322 1588 1370 malum
1626 1321 1832 1371 facinus

197 1413 336 1452 esse,
361 1395 428 1444 ad
455 1396 598 1461 quod
626 1395 1020 1460 suscipiendum
1044 1414 1147 1445 non
1177 1397 1338 1446 libido
1358 1398 1641 1462 voluptatis
1663 1399 1834 1464 inpel-

157 1537 162 1540 ι
195 1473 358 1530 leret3
400 1482 580 1539 stupra
607 1491 732 1522 vero
761 1482 810 1522 et
848 1474 1105 1522 adulteria
1146 1482 1195 1523 et
1232 1492 1388 1524 omne
1427 1477 1530 1524 tale
1568 1476 1830 1543 flagitium

195 1550 356 1600 nullis
383 1551 601 1600 excitari
631 1551 746 1600 aliis
773 1551 1055 1600 inlecebris
1084 1551 1182 1600 nisi
1205 1553 1505 1617 voluptatis.
1584 1553 1830 1620 Cumque

196 1629 397 1691 homini
427 1631 537 1680 sive
565 1637 751 1678 natura
779 1629 889 1678 sive
916 1629 1033 1694 quis
1061 1629 1191 1678 deus
1220 1630 1350 1679 nihil
1385 1640 1558 1680 mente
1597 1641 1832 1697 praesta-

193 1708 352 1758 bilius
379 1707 629 1765 dedisset,
661 1707 784 1756 huic
811 1707 990 1756 divino
1027 1707 1232 1756 muneri
1272 1724 1335 1756 ac
1374 1708 1512 1758 dono
1551 1710 1683 1758 nihil
1723 1719 1830 1759 tam

194 1803 311 1837 esse
339 1786 611 1835 inimicum
640 1801 799 1851 quam
828 1785 1171 1849 voluptatem.
1194 1777 1226 1854 bs
1249 1798 1312 1834 41.
1351 1785 1471 1835 Nec
1497 1787 1638 1835 enim
1678 1787 1830 1837 libid-

194 1864 280 1913 ine
308 1864 614 1914 dominante
642 1863 1021 1927 temperantiae
1050 1863 1226 1911 locum
1253 1879 1389 1920 esse,
1414 1880 1586 1929 neque
1613 1865 1829 1915 omnino

192 1941 247 1990 in
274 1942 558 2008 voluptatis
597 1957 765 2007 regno
804 1939 1047 1988 virtutem
1087 1956 1242 2004 posse
1282 1941 1586 1990 consistere.
1667 1941 1828 2005 Qiod

191 2036 297 2085 quo
325 2020 498 2086 magis
526 2018 762 2085 intellegi
791 2026 987 2082 posset,
1018 2018 1222 2083 fingere
1247 2018 1423 2067 animo
1451 2018 1664 2068 iubebat
1684 2029 1828 2070 tanta

189 2097 463 2151 ‚incitatum
518 2098 749 2163 aliquem
790 2095 1059 2160 voluptate
1106 2094 1339 2159 corporis
1383 2104 1582 2160 quanta
1627 2097 1829 2162 percipi

191 2184 367 2238 posset
390 2175 624 2223 maxima
646 2193 656 2222 :
698 2173 896 2223 nemini
919 2172 1171 2222 censebat
1193 2172 1303 2221 sore
1325 2173 1543 2222 dubium
1566 2174 1693 2239 quin
1720 2183 1828 2223 tam

190 2252 300 2308 diu,
331 2253 456 2301 dum
499 2252 570 2300 ita
613 2253 891 2318 gauderet,
923 2251 1053 2299 nihil
1098 2249 1299 2316 agitare
1344 2259 1537 2308 mente,
1574 2251 1705 2300 nihil
1747 2269 1830 2300 ra-

188 2329 351 2386 tione,
403 2329 535 2377 nihil
586 2330 905 2396 cogitatione
963 2327 1216 2393 consequi
1279 2336 1475 2392 posset.
1556 2327 1827 2393 Quocirca

188 2405 319 2454 nihil
370 2423 486 2455 esse
536 2414 643 2454 tam
695 2405 1006 2455 detestabile
1056 2414 1270 2470 tamque
1317 2405 1620 2469 pestiferum
1666 2423 1825 2472 quam

188 2483 545 2548 voluptatem3
599 2483 641 2532 si
693 2484 907 2548 quid'em
960 2499 1043 2540 ea,
1089 2499 1209 2531 cum
1263 2482 1433 2531 maior
1483 2491 1620 2532 esset
1671 2493 1826 2549 atque

187 2560 416 2625 longior,
447 2578 604 2610 omne
633 2561 797 2609 animi
824 2561 1003 2608 lumen
1037 2560 1438 2627 exstingueret?
1513 2560 1666 2610 Haec
1705 2578 1824 2610 cum

187 2636 252 2686 C.
285 2637 472 2687 Pontio
500 2638 760 2702 Samnite,
791 2646 938 2702 patre
974 2637 1088 2686 eius
1128 2654 1157 2685 a
1195 2655 1299 2703 quo
1339 2637 1587 2687 Caudino
1625 2640 1825 2703 proelio

188 2713 285 2779 Sp.
317 2714 620 2764 Postumius
648 2715 716 2762 T.
747 2715 999 2763 Veturius
1027 2717 1274 2764 consules
1309 2716 1540 2780 superati
1580 2725 1719 2774 sunt,
1750 2718 1824 2766 lo-

186 2801 364 2840 cutum
393 2791 689 2857 Archytam
720 2792 1004 2841 Nearchus
1030 2791 1374 2850 Tarentinus,
1401 2794 1596 2858 hospes
1624 2804 1819 2853 noster,

186 2869 273 2934 qui
302 2869 354 2917 in
383 2869 612 2917 amicitia
643 2869 822 2933 populi
856 2869 1091 2918 Romani
1129 2879 1516 2934 permanserat,
1545 2887 1601 2920 se
1641 2888 1671 2920 a
1712 2889 1821 2920 ma-

107 2940 113 2943 ⁷
144 2956 147 2965 ²
176 2944 395 3007 „ioribus
423 2956 548 2995 natu
578 2946 850 3010 accepisse
877 2946 1106 3004 dicebat,
1131 2962 1253 2995 cum
1281 2947 1495 3012 quidem
1519 2948 1566 2995 ei
1589 2949 1819 2999 sermoni

58 3101 75 3111 J>
117 3098 131 3113 ,ἕ
143 3110 146 3112 .
