2046 3184
179 113 205 147 2
801 97 883 150 On
919 98 1029 150 Old
1050 98 1192 167 Age.
1541 116 1677 172 [CAT.
1701 119 1818 173 ΜΛ).

175 261 446 304 senectute
498 250 805 304 misimusff
865 252 1098 303 Omnem
1151 263 1328 305 autem
1379 273 1682 308 sermonem
1730 259 1821 309 tri-

174 332 386 381 buimus
425 349 533 382 non
572 333 829 389 Tithono,
859 340 916 381 ut
952 331 1134 382 Aristo
1174 333 1340 392 Ceus,
1363 364 1432 371 —--
1452 351 1642 400 parum
1677 337 1820 387 enim

175 419 312 459 esset
352 410 678 460 auctoritatis
705 410 759 458 in
787 410 990 468 fabula,
1008 439 1070 447 ——
1095 412 1191 461 sed
1219 411 1299 460 M.
1331 411 1522 462 Catoni
1551 413 1686 472 seni,
1715 432 1821 482 quo

101 490 104 494 ’
175 488 432 555 majorem
485 488 851 537 auctoritatem
903 488 1124 538 haberet
1173 491 1361 539 oratio.
1439 489 1600 555 Apud
1661 509 1820 558 quem

175 565 424 614 Laelium
456 574 506 615 et
532 565 843 631 Scipionem
872 565 1098 616 facimus
1127 568 1438 618 admirantis
1465 570 1604 635 quod
1639 570 1685 619 is
1710 579 1819 620 tam

173 643 331 693 facile
382 652 710 693 senectutem
763 644 918 701 serat,
973 645 1155 711 eisque
1189 663 1330 700 ,eum
1383 648 1815 712 respondentem.

176 720 283 787 Qi
327 721 370 771 si
412 722 669 771 eruditius
711 721 975 771 videbitur
1018 723 1291 788 disputare
1336 741 1499 791 quam
1545 726 1821 777 consuevit

171 799 285 865 ipse
326 800 379 848 in
419 800 528 848 suis
567 799 733 857 libris,
779 800 1044 850 attribuito
1084 801 1266 851 litteris
1304 801 1549 861 Graecis,
1589 819 1819 871 quarum

173 886 378 928 constat
427 894 549 927 eum
601 878 994 942 perstudiosum
1041 879 1204 929 fuisse
1243 880 1298 929 in
1338 890 1628 931 senectute.
1707 881 1818 933 Sed

172 957 298 1022 quid
326 974 460 1022 opus
488 965 566 1005 est
594 955 783 1021 plura?
861 956 975 1007 Iam
1004 957 1146 1006 enim
1174 958 1342 1023 ipsius
1381 957 1603 1009 Catonis
1641 976 1819 1012 sermo

172 1035 461 1100 explicabit
487 1043 723 1084 nostram
751 1051 966 1084 omnem
994 1035 1060 1084 de
1089 1045 1360 1085 senectute
1387 1037 1724 1087 sententiam.

154 1143 181 1161 ff
242 1129 302 1162 11.
343 1125 386 1161 4.
425 1112 636 1163 Semo.
706 1111 885 1178 Saepe
931 1129 1156 1163 numero
1207 1114 1459 1163 admirari
1510 1116 1656 1166 soleo
1695 1132 1817 1166 cum

172 1192 272 1241 hoc
295 1190 356 1242 C.
382 1191 572 1241 Laelio
600 1207 723 1240 cum
753 1199 1049 1239 ceterarum
1072 1208 1248 1241 rerum
1270 1201 1416 1242 tuam
1440 1195 1814 1252 excellentem,

173 1268 254 1317 Μ.
291 1269 446 1328 Cato,
489 1269 889 1335 perfectamque
929 1269 1267 1334 sapientiam,
1309 1278 1419 1319 tum
1459 1272 1544 1320 vel
1584 1272 1818 1323 maxime

170 1348 312 1414 quod
339 1364 634 1416 numquam
662 1347 752 1396 tibi
773 1333 1110 1396 ‘senectutem
1138 1365 1360 1415 gravem
1389 1365 1506 1399 esse
1533 1351 1814 1432 senserim,

170 1442 307 1492 quae
346 1427 614 1492 plerisque
642 1426 859 1475 senibus
887 1426 965 1475 sic
991 1425 1177 1476 odiosa
1205 1435 1283 1475 est
1308 1429 1365 1476 u't
1390 1444 1612 1482 onusse
1638 1428 1816 1479 Aetna

170 1505 387 1570 gravius
405 1505 586 1554 dicant
603 1504 881 1554 sustinere.
938 1503 1122 1555 CATO.
1144 1503 1285 1554 Rem
1306 1505 1450 1554 haud
1468 1523 1612 1566 sane,
1628 1506 1817 1574 Scipio

170 1591 220 1631 et
250 1582 426 1639 Laeli,
458 1583 751 1640 difficilem,
783 1583 1035 1632 admirari
1063 1583 1338 1633 videmini.
1420 1583 1633 1651 Qibus
1673 1586 1814 1636 enim

169 1650 301 1710 nihil
339 1670 418 1710 est
456 1662 509 1710 in
549 1661 677 1726 ipsis
705 1661 821 1726 opis
849 1662 916 1711 ad
946 1663 1082 1710 bene
1108 1662 1372 1730 beateque
1397 1664 1709 1723 vivendum,
1739 1665 1817 1716 eis

169 1739 343 1789 omnis
365 1749 512 1789 aetas
535 1740 716 1806 gravis
735 1748 844 1789 est:
882 1740 973 1806 qui
998 1750 1174 1789 autem
1194 1742 1372 1791 omnia
1394 1742 1534 1792 bona
1558 1759 1589 1792 a
1610 1760 1666 1794 se
1687 1743 1816 1810 ipsis

169 1827 372 1883 petunt,
402 1818 467 1867 iis
494 1818 627 1866 nihil
658 1827 828 1884 potest
855 1819 1056 1867 malum
1086 1819 1253 1869 videri
1281 1821 1426 1887 quod
1463 1812 1686 1872 naturae
1724 1839 1818 1872 ne-

169 1896 386 1946 cessitas
410 1896 633 1946 adferat.
715 1895 842 1962 Qio
864 1897 918 1945 in
940 1914 1140 1964 genere
1162 1907 1240 1947 est
1261 1898 1314 1947 in
1338 1899 1522 1964 primis
1543 1911 1811 1960 senectus,

169 1991 330 2040 quam
357 1983 413 2023 ut
440 1975 803 2039 adipiscantur
837 1992 1024 2024 omnes
1062 1985 1262 2041 optant,
1294 1978 1520 2028 eandem
1561 1989 1818 2030 accusant

171 2053 380 2117 adepti:
420 2060 566 2102 tanta
606 2062 684 2102 est
722 2053 972 2102 stultitiae
1011 2053 1367 2104 inconstantia
1407 2065 1575 2123 atque.
1602 2074 1818 2123 perver-

170 2130 316 2179 sitas.
396 2130 671 2196 Obrepere
723 2131 869 2180 aiunt
908 2133 1026 2180 eam
1069 2132 1222 2182 citius
1260 2150 1422 2200 quam
1462 2135 1811 2200 putavissent.

169 2208 431 2266 Primum,
475 2210 593 2275 quis
636 2210 810 2276 coegit
851 2227 941 2260 eos
983 2210 1177 2259 falsum
1221 2212 1443 2277 putare?
1518 2212 1629 2278 Qi
1673 2215 1814 2264 enim

171 2288 323 2336 citius
369 2288 765 2337 adulescentiae
811 2298 1058 2338 senectus
1103 2306 1264 2355 quam
1305 2291 1563 2356 pueritiae
1604 2293 1816 2343 adules-
1864 2302 1890 2334 ‚·
1929 2307 1950 2344 G

170 2366 346 2414 centia
390 2365 632 2430 obrepit?
708 2366 939 2423 Deinde,
985 2367 1073 2433 qui
1122 2368 1297 2418 minus
1343 2370 1525 2436 gravis
1570 2379 1710 2421 esset
1752 2371 1834 2435 iis,

170 2453 433 2504 senectus,
461 2444 504 2492 si
531 2444 1033 2510 octingentesimum
1064 2462 1264 2497 annum
1307 2457 1531 2515 agerent
1569 2465 1731 2515 quam
1771 2449 1814 2500 si

170 2520 592 2588 octogesimum?
667 2505 961 2571 Praeterita
1002 2524 1144 2572 enim
1183 2512 1330 2574 a²etas
1368 2527 1614 2591 quamvis
1649 2527 1814 2595 longa
1885 2561 1894 2567 -

172 2576 292 2648 culn
316 2600 626 2657 effluxisset,
648 2601 796 2649 nulla
821 2601 1112 2650 consolatio
1134 2604 1468 2667 permulcere
1489 2614 1670 2670 posset
1689 2605 1814 2655 stul-

170 2687 277 2726 tam
306 2687 651 2726 senectutem.
717 2690 757 2724 5.
803 2677 1074 2741 roirca
1101 2679 1143 2729 si
1172 2681 1489 2746 sapientiam
1519 2699 1691 2732 meam
1721 2681 1815 2732 adss

171 2755 351 2803 mirari
381 2756 578 2812 soletis,
603 2772 741 2821 quae
769 2757 972 2804 utinam
1000 2757 1166 2824 digna
1193 2768 1334 2808 esset
1359 2760 1610 2825 opinione
1637 2771 1813 2811 vestra

171 2843 455 2899 nostroque
497 2833 840 2900 cognomine,
885 2834 938 2882 in
981 2835 1084 2884 hoc
1129 2853 1313 2886 sumus
1358 2838 1627 2903 sapientes
1649 2839 1812 2905 'quod

171 2921 415 2960 naturam
458 2920 728 2976 optumam
772 2912 965 2960 ducem
1004 2921 1279 2979 tamquam
1318 2915 1478 2976 deum
1519 2916 1810 2982 sequimur,

172 2989 324 3055 eique
353 3006 634 3054 paremus3
679 3006 707 3037 a
735 3006 839 3055 qua
867 3007 972 3038 non
994 2991 1105 3039 veri
1133 2992 1304 3042 simile
1332 3002 1429 3049 est,
1454 3010 1576 3043 cum
1603 3003 1812 3052 ceterae

323 3114 537 3184 ssim.
