2046 3184
219 111 284 163 32
880 99 962 150 On
998 99 1108 150 Old
1128 99 1270 167 Age.
1581 99 1717 155 [CA-r.
1742 101 1863 154 MAJ.

219 269 399 302 meum
431 269 618 303 casum
656 252 856 303 sortiter
894 253 1032 304 ferre
1058 254 1205 304 visus
1233 272 1370 313 sum,
1401 272 1508 305 non
1550 272 1655 322 quo
1695 273 1868 324 aequo

219 330 398 380 animo
425 331 639 390 ferrern,
671 331 766 380 sed
792 348 878 380 me
906 332 1020 398 ipse
1055 333 1375 383 consolabar
1401 334 1733 384 existumans
1759 352 1868 385 non

219 408 575 475 longinquum
604 409 739 458 inter
766 427 862 459 nos
890 410 1194 477 digressum
1221 420 1272 460 et
1298 412 1593 461 discessum
1621 412 1752 478 fore.

288 500 360 535 86.
400 487 501 536 His
529 487 659 535 mihi
687 488 865 546 rebus,
897 487 1101 554 Scipio,
1120 489 1260 539 ——id
1287 490 1428 539 enim
1456 499 1507 539 te
1534 506 1657 540 cum
1679 490 1870 542 Laelio

220 566 471 615 admirari
499 566 671 615 solere
699 565 903 624 dixisti‚'
922 567 1141 616 —levis
1168 576 1247 616 est
1272 577 1539 626 senectus,
1569 585 1670 618 nec
1697 570 1871 618 solum

180 705 188 711 ⁹
220 662 327 693 non
355 644 579 693 molesta
607 644 700 693 sed
727 643 886 693 etiam
907 644 1169 712 jucunda.
1249 644 1412 710 Qod
1439 646 1482 695 si
1518 646 1572 695 in
1601 647 1703 696 hoc
1729 664 1868 704 erro,

219 722 310 788 qui
351 722 558 771 animos
598 721 877 771 hominum
926 722 1223 772 inmortalis
1263 739 1379 772 esse
1419 724 1658 782 credam,
1703 725 1872 775 liben-

219 808 299 849 ter
340 816 490 856 erro3
532 816 634 849 nec
675 799 804 848 mihi
850 800 996 849 hunc
1031 817 1287 859 errorem,
1316 818 1422 867 quo
1457 802 1712 860 delector,
1743 802 1874 852 dum

219 878 342 928 vivo
369 878 671 944 extorqueri
699 878 839 928 volo,
920 877 1019 928 Sin
1045 887 1304 937 mortuus,
1333 887 1390 928 ut
1426 880 1646 946 quidam
1685 880 1874 929 minuti

221 956 527 1023 philosophi
557 964 795 1012 censent,
825 956 958 1004 nihil
998 956 1245 1014 sentiam,
1277 974 1384 1007 non
1410 974 1599 1008 vereor
1634 974 1701 1007 ne
1730 958 1876 1008 hunc

222 1050 458 1084 errorem
486 1051 666 1084 meum
693 1034 1000 1100 philosophi
1030 1034 1222 1083 mortui
1258 1034 1542 1084 inrideant.
1623 1034 1789 1101 Qod
1829 1035 1875 1086 si

222 1129 330 1162 non
369 1129 555 1162 sumus
592 1112 903 1162 inmortales
942 1111 1123 1170 futuri,
1154 1121 1334 1162 tamen
1363 1114 1634 1180 exstingui
1671 1114 1876 1163 homini

223 1208 320 1241 suo
358 1199 598 1256 tempore
638 1190 872 1256 optabile
913 1198 1007 1239 est.
1083 1190 1228 1240 Nam
1258 1192 1418 1240 habet
1445 1201 1635 1241 natura
1664 1192 1877 1242 utalia-

223 1286 341 1318 rum
387 1286 564 1318 rerum
607 1268 868 1327 omniurn,
917 1268 994 1318 sic
1031 1268 1248 1318 vivendi
1289 1271 1526 1319 modum.
1613 1269 1878 1320 Senectus

225 1356 403 1396 autern
455 1347 642 1396 aetatis
692 1355 771 1396 est
822 1346 1058 1412 peractio
1108 1355 1383 1414 tamquam
1437 1348 1675 1406 fabulae,
1723 1348 1878 1399 cuius

223 1425 659 1492 defetigationem
710 1424 900 1493 fugere
938 1425 1218 1484 debemuS,
1262 1426 1577 1491 praesertim
1624 1426 1878 1477 adiuncta

225 1503 484 1554 satietate.
1735 1498 1739 1500 ’

298 1581 455 1631 Haec
498 1580 662 1631 habui
703 1580 772 1631 de
810 1589 1083 1632 senectute
1121 1598 1259 1649 quae
1295 1581 1550 1640 dicerem,
1602 1583 1673 1632 ad
1715 1599 1879 1649 quam

224 1660 429 1710 utinam
456 1659 799 1726 perveniatiS,
829 1669 886 1709 ut
923 1676 988 1710 ea
1027 1676 1167 1727 quae
1198 1677 1267 1711 ex
1303 1676 1390 1711 me
1426 1660 1668 1719 audistiS,
1691 1677 1748 1711 re
1787 1677 1880 1711 ex-

225 1738 379 1805 perti,
409 1738 638 1804 probare
664 1737 892 1804 possitis.
