2046 3184
198 95 261 146 14
818 77 901 129 On
936 78 1046 130 Old
1066 78 1211 147 Age.
1556 95 1695 150 [CA-r,
1720 78 1867 153 MAJJ
1891 111 1894 116 ·

1901 125 1912 175 ²
1970 130 2033 251 ἵ,

193 232 464 282 Caecilius
493 240 506 263 ‘
530 232 763 283 comicos
791 234 974 284 stultos
1001 235 1195 293 senes,'
1220 235 1323 285 hoc
1349 234 1617 302 significat
1653 235 1840 287 credu-

195 312 293 367 los,
323 310 629 367 obliviosos,
661 311 976 380 dissolutos3
1015 329 1153 378 quae
1187 313 1314 362 vitia
1352 321 1474 362 sunt
1510 330 1618 363 non
1655 309 1841 363 senec-

194 389 335 444 tutis,
386 388 480 437 sed
530 387 734 445 inertis,
782 388 1034 455 ignavae,
1089 390 1481 439 somniculosae
1531 391 1835 461 senectutis.
1859 420 1894 451 χ,

194 466 267 515 Ut
293 466 604 531 petulantia,
635 474 691 514 ut
717 466 881 537 libido
911 467 1084 533 magis
1113 477 1190 517 est
1218 468 1641 517 adulescentium
1677 484 1838 534 quam

193 560 402 600 senum,
448 559 547 592 nee
592 538 773 592 tamen
817 544 1056 593 omnium
1103 545 1548 602 adulescentium,
1593 545 1689 595 sed
1731 562 1839 595 non

193 622 513 687 proborum3
555 621 631 670 sic
659 621 757 670 ista
797 621 979 670 senilis
1020 623 1257 681 stultitia,
1289 639 1425 689 quae
1465 622 1706 672 deliratio
1747 638 1840 688 ap-

194 699 380 765 pellari
431 698 584 755 solet,
640 716 828 748 senum
880 699 1078 768 levium
1130 709 1226 758 est,
1281 718 1389 750 non
1438 700 1694 750 omnium.
1768 710 1839 747 37.

194 776 459 841 Qattuor
485 777 728 826 robustos
750 777 906 835 filios,
931 779 1165 844 quinque
1187 778 1345 836 filias,
1371 786 1572 841 tantam
1593 778 1834 836 domum,

191 865 362 904 tantas
408 855 684 904 clientelas
725 853 934 920 Appius
974 856 1197 923 regebat
1235 865 1286 906 et
1325 872 1519 906 caecus
1557 863 1610 905 et
1645 872 1832 905 senex.

191 933 457 983 Intentum
497 934 639 982 enim
681 933 917 982 animum
944 942 1216 1000 tamquam
1246 950 1428 983 arcum
1458 933 1707 991 habebat,
1738 949 1839 983 nec
1890 954 1894 958 ·

190 1012 551 1080 languescens
617 1011 1001 1061 succumbebat
1062 1007 1340 1078 senectuti.
1423 1001 1670 1060 Tenebat
1730 1028 1837 1061 non

193 1092 349 1140 modo
389 1090 775 1147 auctoritatem,
806 1090 900 1138 sed
933 1089 1090 1138 etiarn
1119 1089 1401 1156 imperium
1428 1088 1484 1138 in
1510 1106 1667 1138 suos:
1709 1097 1831 1138 met-

190 1170 387 1219 uebant
432 1169 591 1226 servi,
634 1167 955 1217 verebantur
999 1167 1170 1225 liberi,
1214 1183 1399 1217 carum
1442 1183 1630 1217 omnes
1675 1161 1832 1216 habe-

190 1247 348 1297 bant:
389 1248 606 1314 vigebat
633 1247 685 1296 in
714 1247 804 1295 illa
832 1246 992 1295 domo
1022 1262 1134 1295 mos
1161 1245 1364 1311 patrius
1391 1253 1441 1295 et
1467 1244 1769 1310 disciplina.

257 1337 327 1373 38,
366 1325 444 1375 Ita
472 1326 613 1375 enim
642 1334 888 1374 senectus
930 1325 1153 1373 honesta
1193 1332 1289 1381 est,
1320 1324 1363 1373 si
1401 1339 1458 1372 se
1497 1323 1614 1388 ipsa
1653 1323 1838 1373 defen--

189 1403 281 1461 dit,
328 1404 370 1453 si
413 1404 494 1454 ius
537 1421 693 1453 suum
737 1403 943 1459 retinet,
976 1402 1020 1452 si
1062 1402 1262 1451 nemini
1306 1401 1610 1467 mancipata
1650 1408 1750 1461 Q,
1793 1399 1852 1450 si>

187 1498 355 1568 usque
402 1482 471 1531 ad
515 1483 762 1532 ultimum
808 1481 1050 1547 spiritum
1097 1480 1314 1531 domina
1338 1497 1399 1528 ur
1442 1479 1495 1528 in
1542 1495 1685 1529 suos.
1763 1472 1838 1530 Ut

188 1560 330 1608 enim
359 1559 798 1609 adulescentem
787 1577 839 1608 m
868 1576 974 1625 quo
1002 1567 1080 1608 est
1107 1559 1240 1608 senil
1302 1557 1521 1625 aliquid,
1547 1556 1625 1607 sic
1651 1573 1835 1608 senem

187 1637 239 1685 in
267 1655 372 1704 quo
401 1646 478 1687 est
506 1638 707 1704 aliquid
735 1638 1093 1687 adulescentis
1120 1627 1319 1704 proflo:
1360 1638 1503 1705 quod
1534 1638 1624 1705 qui
1661 1638 1857 1706 sequi-·

186 1724 269 1763 tur
296 1732 516 1781 corpore
543 1734 711 1766 senex
739 1731 856 1766 esse
884 1717 1092 1782 poterit,
1125 1717 1304 1767 animo
1330 1734 1624 1784 numquam
1652 1718 1764 1769 erit.

258 1793 530 1859 Septimus
560 1794 687 1843 mihi
716 1795 850 1844 liber
881 1795 1169 1862 Originum
1194 1804 1272 1846 est
1309 1796 1363 1846 in
1403 1798 1684 1848 manibus:
1722 1814 1845 1848 om-

186 1874 275 1922 nia
314 1873 638 1939 antiquitatis
680 1882 1024 1922 monumenta
1064 1867 1313 1941 conligo:
1354 1891 1636 1926 causarum
1670 1875 1835 1926 inlus-

185 1951 363 2008 trium,
387 1968 754 2018 quascumque
782 1952 1018 2010 defendi,
1043 1969 1186 2002 nunc
1208 1965 1329 2002 cum
1353 1954 1587 2019 maxime
1609 1955 1835 2008 conficio

184 2029 482 2086 orationes;
538 2029 620 2079 ius
673 2030 979 2097 augurium,
1027 2030 1380 2096 pontificium,
1416 2023 1586 2083 *civile*
1631 2028 1832 2090 tracto;

185 2108 410 2156 multum
443 2107 600 2156 etiam
632 2107 857 2158 Graecis
886 2109 1069 2159 litteris
1097 2117 1232 2166 utor,
1264 2109 1833 2178 Pythagoreorumque

185 2202 331 2235 more
371 2187 707 2236 exercendae
749 2187 1038 2237 memoriae
1079 2187 1274 2254 gratia,
1315 2187 1441 2254 quid
1483 2205 1694 2255 quoque
1744 2188 1831 2238 die

184 2263 431 2321 dixerim,
463 2265 743 2320 audierim,
770 2266 994 2332 egerim,
1019 2281 1381 2315 commemoro
1402 2267 1628 2331 vesperi.
1709 2265 1832 2316 Hae

185 2349 306 2390 sunt
344 2342 752 2392 exercitationes
792 2343 998 2411 ingeni,
1031 2343 1167 2392 haec
1207 2343 1472 2392 curricula
1513 2343 1736 2393 mentis:
1775 2343 1831 2394 in

184 2418 266 2468 his
293 2419 565 2469 desudans
594 2430 751 2487 atque
780 2422 1062 2470 elaborans
1092 2420 1328 2486 corporis
1348 2421 1472 2470 viris
1501 2439 1606 2471 non
1630 2434 1830 2488 magno

182 2513 343 2562 opere
372 2498 637 2548 desidero.
692 2498 902 2548 Adsum
932 2498 1151 2548 amicis·
1193 2498 1350 2548 venio
1377 2499 1428 2547 in
1458 2507 1699 2548 senatum
1727 2499 1830 2548 sre-

182 2591 371 2641 quens,
385 2577 655 2663 Vultroque
702 2577 884 2626 adfero
925 2593 1009 2626 res
1049 2576 1271 2624 multum
1312 2584 1363 2625 et
1406 2576 1496 2626 diu
1539 2577 1819 2664 cogitatas,

183 2670 381 2719 easque
385 2637 569 2703 vtueor
597 2654 759 2703 animi
788 2672 895 2704 non
924 2653 1158 2718 corpoxis
1186 2653 1403 2703 viribus.
1485 2653 1638 2719 Qas
1665 2654 1707 2703 si
1735 2670 1828 2703 ex-

184 2731 332 2797 sequi
371 2732 668 2798 nequirem
699 2741 878 2780 tamen
907 2748 990 2780 me
1018 2731 1242 2780 lectulus
1271 2747 1421 2780 meus
1448 2732 1735 2781 oblectaret
1761 2732 1856 2781 ead

183 2807 298 2873 ipsa
337 2809 661 2874 cogitantem
700 2826 838 2876 quae
878 2809 984 2857 iam
1025 2824 1187 2875 agere
1225 2825 1330 2857 non
1364 2825 1609 2873 possem3
1649 2808 1744 2858 sed
1769 2816 1849 2858 ut‘

122 2925 131 2933 .
184 2886 381 2951 possim
433 2886 558 2936 facit
609 2896 725 2936 acta
754 2886 892 2939 vita.
971 2885 1199 2949 Semper
1240 2885 1380 2934 enim
1423 2885 1474 2934 in
1519 2886 1600 2935 his
1641 2884 1830 2935 studiis

184 2964 558 3031 laboribusque
595 2964 791 3014 viventi
831 2981 938 3013 non
976 2962 1302 3029 intellegitur
1337 2963 1554 3029 quando
1602 2963 1826 3029 obrepat

1800 3137 1814 3154 ¹*-
1827 3137 1868 3170 ’.ᾖ

1804 3165 1846 3184 Τ)
