2046 3184
229 118 305 149 XX·
334 107 422 163 74]
546 87 551 91 ⁹
702 107 887 157 Death
925 107 971 155 is
1008 112 1101 155 not
1136 123 1208 154 an
1246 105 1400 155 Evz'l.
1806 118 1868 171 27

228 261 464 312 adhibita
512 260 585 318 vi,
626 267 972 324 consumptus
1009 258 1152 326 ignis
1202 259 1590 326 exstinguitur3
1631 267 1682 308 et
1719 261 1870 326 quasi

227 355 387 405 poma
426 355 494 388 ex
532 337 829 394 arboribus,
858 337 1025 386 cruda
1064 336 1108 386 si
1146 345 1287 395 sunt,
1329 337 1419 386 vix
1466 337 1784 395 evelluntur,
1828 339 1869 387 si

227 426 434 465 matura
459 424 512 464 et
534 423 706 472 cocta,
735 414 1009 471 decidunt,
1039 414 1116 464 sic
1142 415 1306 463 vitam
1335 415 1765 464 adulescentibus
1794 417 1870 465 vis

225 493 416 550 aufert,
463 492 679 542 senibus
731 492 1024 541 maturitas.
1104 491 1263 557 Qae
1314 492 1531 558 quidem
1583 493 1714 541 mihi
1763 503 1870 542 tam

225 570 459 620 iucunda
484 577 580 629 est,
601 577 673 626 ut,
694 585 800 634 quo
828 570 1045 634 propius
1073 571 1141 619 ad
1169 578 1390 619 mortem
1414 571 1693 628 accedam,
1716 573 1867 637 quasi

223 657 419 696 terram
445 647 624 695 videre
652 647 854 703 videar,
879 647 1276 714 aliquandoque
1303 648 1356 696 in
1378 657 1588 714 portum
1611 665 1679 697 ex
1706 649 1869 715 longa

223 723 567 790 navigatione
606 740 723 772 esse
762 733 1034 785 venturus.

293 817 391 851 xx.
432 815 503 851 72.
551 800 852 851 Senectutis
878 812 1057 851 autem
1084 804 1262 852 nullus
1289 811 1366 852 est
1392 812 1568 853 certus
1593 805 1869 863 terminus,

220 887 471 946 recteque
508 880 564 928 in
599 895 663 928 ea
691 880 902 937 vivitur,
929 882 1110 946 quoad
1148 899 1343 930 munus
1378 882 1521 930 offici
1559 883 1781 948 exsequi
1822 891 1871 932 et

221 956 358 1006 tueri
395 956 567 1022 possis
599 955 958 1023 [mortemque
993 958 1387 1025 contemnere].
1465 958 1551 1007 Ex
1578 977 1682 1025 quo
1721 961 1779 1009 fit
1815 969 1871 1010 ut

221 1034 512 1084 animosior
539 1034 699 1083 etiam
725 1045 972 1084 senectus
998 1036 1063 1085 sit
1088 1053 1249 1101 quam
1286 1036 1652 1086 adulescentia
1677 1046 1730 1086 et
1766 1038 1871 1087 for-

219 1111 341 1161 tior.
420 1111 542 1161 Hoc
578 1112 710 1161 illud
747 1122 845 1170 est,
874 1114 1019 1178 quod
1046 1113 1318 1172 Pisistrato
1353 1121 1583 1179 tyranno
1610 1131 1640 1162 a
1670 1114 1869 1164 Solone

221 1204 538 1254 responsum
567 1197 664 1247 est,
695 1206 816 1239 cum
844 1190 919 1239 illi
954 1190 1386 1256 quae1·enti,·⁵qua
1423 1192 1639 1240 tandem
1673 1209 1730 1241 re
1768 1193 1869 1242 fre-

164 1299 166 1303 s
221 1275 306 1318 tus
342 1268 444 1318 sibi
494 1277 604 1318 tam
647 1269 923 1318 audaciter
959 1269 1279 1327 obsisteret‚‘’
1298 1271 1639 1334 respondisse
1679 1271 1870 1321 dicitur

223 1352 240 1376 ‘
265 1344 592 1395 Senectute.‘
671 1346 783 1396 Sed
821 1347 1036 1396 vivendi
1074 1356 1154 1396 est
1191 1347 1311 1396 finis
1344 1349 1597 1412 optimuS‚
1628 1365 1750 1398 cum
1790 1350 1868 1398 in-

219 1430 376 1490 tegra
401 1432 578 1473 mente
603 1424 867 1490 certisque
893 1425 1137 1474 sensibus
1167 1443 1304 1490 opus
1343 1425 1459 1490 ipsa
1485 1443 1642 1475 suum
1678 1428 1868 1477 eadem
1920 1466 1924 1470 .

191 1515 362 1567 ‘quae
405 1502 804 1569 coagmentavit
852 1511 1039 1550 natura
1086 1503 1340 1552 dissolvit.
1428 1503 1502 1553 Ut
1550 1520 1765 1562 navem,
1813 1513 1869 1555 ut

221 1578 527 1628 aedificium
569 1579 713 1629 idern
754 1580 973 1629 destruit
1017 1580 1270 1629 facillime
1307 1580 1399 1646 qui
1438 1582 1750 1640 construxit,
1792 1583 1868 1632 sic

222 1656 495 1706 hominem
523 1658 713 1706 eadem
739 1657 937 1722 optime
961 1674 1102 1723 quae
1129 1658 1518 1725 conglutinavit
1544 1667 1734 1708 natura
1762 1660 1868 1710 dis-

220 1733 394 1783 solvit.
456 1734 571 1783 Iam
597 1735 770 1784 omnis
798 1734 1182 1800 conglutinatio
1209 1751 1397 1784 recens
1425 1752 1608 1802 aegre,
1639 1734 1868 1786 inveter-

219 1819 310 1860 ata
331 1811 487 1861 facile
507 1812 791 1862 divellitur.
848 1811 926 1860 Ita
946 1813 1004 1860 fit
1028 1820 1085 1861 ut
1110 1812 1242 1861 illud
1262 1813 1422 1862 breve
1444 1813 1583 1862 vitae
1604 1814 1864 1880 reliquum

221 1904 324 1938 nec
350 1889 506 1938 avide
532 1889 899 1960 adpetendum
921 1889 1138 1938 senibus
1166 1906 1265 1938 nec
1291 1891 1405 1938 sine
1430 1906 1596 1938 causa
1616 1891 1867 1940 deseren-

219 1966 351 2015 dum
371 1966 438 2015 sit
455 1984 468 2023 3
495 1975 742 2032 vetatque
759 1965 1098 2032 Pythagoras
1120 1966 1324 2015 iniussu
1343 1967 1697 2032 imperatoris,
1718 1968 1772 2017 id
1789 1977 1868 2018 est

221 2043 330 2101 dei,
358 2044 426 2092 de
453 2043 720 2108 praesidio
745 2051 798 2092 et
822 2044 1046 2092 statione
1073 2044 1212 2092 vitae
1237 2036 1574 2098 decedere.V
1596 2059 1669 2095 73.
1714 2045 1866 2096 Solo-

222 2120 305 2170 nis
342 2121 559 2187 quidem
596 2120 852 2185 sapientis
889 2128 971 2169 est
1007 2121 1263 2187 elegium,
1293 2138 1399 2187 quo
1437 2138 1494 2171 se
1534 2131 1700 2189 negat
1725 2124 1864 2173 velle

220 2214 375 2248 suam
422 2206 645 2247 mortem
688 2198 872 2247 dolore
917 2198 1209 2247 amicorum
1256 2207 1307 2248 et
1355 2199 1603 2249 lamentis
1648 2216 1861 2250 vacare.

220 2275 369 2333 Volt,
416 2276 597 2332 credo,
638 2291 696 2324 se
737 2291 854 2324 esse
900 2291 1083 2324 carum
1121 2276 1263 2332 suis;
1316 2277 1411 2326 sed
1456 2277 1602 2327 haud
1630 2278 1750 2327 'scio
1796 2294 1865 2327 an

223 2353 414 2402 melius
439 2352 680 2402 Ennius:

410 2440 566 2482 Nemo
590 2453 666 2482 me
690 2438 912 2483 lacrumis
933 2439 1138 2494 decoret,
1163 2455 1321 2497 neque
1341 2441 1514 2486 funera
1534 2441 1654 2487 fletu

410 2508 560 2552 Faxit.
633 2509 732 2552 Cur
748 2510 768 2551 Ζ
801 2510 934 2552 volito
956 2511 1082 2552 vivos
1098 2516 1191 2566 per
1209 2525 1292 2553 ora
1314 2512 1479 2555 virum.

292 2585 420 2634 Non
446 2594 628 2634 censet
665 2585 957 2651 lugendam
990 2602 1106 2635 esse
1140 2595 1381 2644 mortem,
1411 2605 1572 2653 quam
1612 2588 1866 2640 inmorta-

221 2663 341 2713 litas
362 2670 731 2728 consequatur.
788 2676 859 2711 74.
899 2662 1012 2712 Iam
1035 2680 1222 2713 sensus
1244 2665 1504 2714 moriendi
1533 2666 1723 2732 aliquis
1745 2684 1863 2717 esse

222 2748 412 2806 potest,
436 2739 585 2805 isque
609 2739 677 2788 ad
698 2739 956 2806 exiguum
978 2748 1207 2805 tempus,
1233 2742 1546 2806 praesertim
1568 2744 1682 2792 seni
1705 2762 1715 2791 ε
1746 2753 1864 2810 post

222 2826 446 2867 mortem
485 2816 700 2883 quidem
739 2833 927 2866 sensus
966 2826 1058 2866 aut
1099 2819 1363 2882 optandus
1403 2828 1492 2869 aut
1537 2822 1715 2871 nullus
1759 2830 1857 2872 est.

223 2893 333 2944 Sed
352 2895 463 2943 ‚hoc
483 2893 794 2942 meditatum
818 2895 884 2942 ab
907 2895 1269 2944 adulescentia
1290 2896 1448 2946 debet
1474 2914 1611 2955 esse,
1637 2908 1860 2949 mortem

222 2981 279 3020 ut
304 2972 681 3039 neglegamus,
711 2971 824 3021 sine
852 2988 956 3038 qua
995 2972 1333 3023 meditatione
1368 2975 1653 3041 tranquillo
1679 2977 1859 3027 animo
