2046 3184
129 125 175 156 *c
233 55 306 140 im.
329 99 388 154 8,]
588 44 833 133 Genwizl
861 83 1171 150 Complaz'nt
1197 85 1266 147 of
1292 84 1379 133 tlze
1412 12 1729 207 Off
1777 21 1794 80 Β
1850 97 1880 146 3

240 246 416 304 partes
430 237 614 288 aetatis
630 237 766 287 bene
785 237 1084 303 descriptae
1104 237 1222 295 sint,
1236 245 1532 286 extremum
1555 244 1730 286 actum
1750 244 1882 285 tam-

239 332 399 382 quam
447 316 512 365 ab
557 315 710 364 inerti
755 319 910 380 poeta
955 332 1072 365 esse
1115 315 1440 381 neglectum.
1544 314 1655 364 Sed
1699 323 1879 364 tamen

238 409 458 442 necesse
503 393 599 442 fuit
641 408 759 442 esse
805 392 1006 459 aliquid
1051 403 1369 450 extremum,
1416 400 1467 441 et
1509 400 1782 458 tamquam
1826 393 1879 442 in

239 472 484 520 arborum
507 470 656 520 bacis
675 478 952 536 terraeque
970 455 1238 519 fructibus*
1246 469 1544 519 maturitate
1563 472 1878 535 tempestiva

174 544 177 546 ’
236 549 388 615 quasi
420 548 618 597 vietum
649 556 700 597 et
730 549 1013 606 caducum,
1048 549 1190 629 q}le
1222 548 1507 620 feryndum
1542 557 1619 622 est
1653 549 1879 598 molliter

237 627 480 720 sapienti.
542 610 691 692 Qiid
719 618 796 705 est
822 612 963 676 eiiim
991 628 1138 676 aliud
1166 627 1462 694 Gigantum
1492 618 1649 677 modo
1678 606 1876 678 bell⁵are

237 723 358 755 cum
387 685 468 755 di}
495 679 595 754 nisi
621 698 842 753 natubrae
872 694 1211 770 repu‘g'nare?
1231 717 1328 774 μθ.
1367 705 1643 755 LAELIUS.
1687 705 1872 771 Atqui,

237 782 390 841 Cato,
419 782 778 850 gratissimum
813 783 982 839 nobis,
1011 791 1067 831 ut
1101 782 1261 832 etiam
1298 800 1393 848 pro
1430 783 1684 848 Scipione
1723 784 1874 848 polli-

235 878 378 919 cear,
414 860 625 922 feceris,
664 860 726 917 si,
762 860 1016 925 quoniam
1056 877 1334 925 speramus
1363 862 1620 935 Qolumus
1660 852 1919 928 quidem]

237 947 377 988 certe
416 955 571 987 senes
612 938 743 994 fieri,
781 938 943 986 multo
984 946 1105 987 ante
1147 954 1178 987 a
1216 948 1265 988 te
1305 939 1646 988 didicerimus
1682 939 1875 1004 quibus

235 1015 488 1066 facillime
514 1014 806 1063 rationibus
834 1015 1295 1081 ingravescentem
1325 1025 1551 1066 aetatem
1586 1017 1722 1065 ferre
1756 1034 1876 1082 pos-

235 1094 418 1144 simus.
512 1092 691 1142 CATo.
781 1092 1002 1141 Faciam
1054 1111 1199 1151 vero,
1249 1094 1422 1151 Laeli,
1472 1095 1781 1160 praesertim
1833 1094 1876 1144 si

234 1171 442 1238 utrique
469 1180 723 1227 vestrum,
756 1178 811 1218 ut
849 1171 1000 1227 dicis,
1032 1181 1240 1238 gratum
1283 1173 1516 1221 futurum
1550 1181 1645 1222 est.
1723 1172 1876 1222 LAE-

236 1264 379 1299 LIUS.
457 1248 722 1298 Volumus
762 1265 911 1306 sane,
952 1249 1052 1298 nisi
1094 1250 1372 1299 molestum
1412 1259 1509 1307 est,
1545 1250 1701 1308 Cato,
1744 1259 1876 1300 tam-

235 1343 397 1394 quam
448 1327 667 1392 longam
709 1326 942 1392 aliquam
981 1327 1124 1375 viam
1176 1328 1471 1377 confeceris
1522 1345 1683 1394 quam
1723 1329 1876 1378 nobis

234 1420 447 1472 quoque
486 1403 904 1471 ingrediundum
943 1404 1027 1462 sit,
1058 1405 1191 1454 istuc
1229 1422 1334 1472 quo
1373 1406 1659 1471 pervenisti
1695 1407 1875 1457 videre

235 1477 393 1550 quale
432 1482 512 1532 sit.
644 1526 660 1565 ἢ
1794 1531 1808 1543 ‚

306 1576 388 1610 111.
463 1572 505 1608 ’7.
555 1560 739 1610 CATO.
813 1560 1034 1611 Faciam
1086 1570 1142 1612 ut
1191 1570 1393 1628 potero,
1447 1562 1618 1612 Laeli.
1695 1562 1874 1629 Saepe

237 1639 379 1690 enim
440 1639 652 1688 interfui
710 1640 961 1705 querellis
1013 1641 1316 1706 aequalium
1371 1658 1876 1706 meorum—pares

237 1726 435 1776 autem,
458 1726 635 1766 vetere
663 1718 960 1782 proverbio,
986 1735 1107 1766 cum
1135 1717 1352 1783 paribus
1374 1719 1627 1768 facillime
1649 1736 1874 1786 congre-

238 1806 672 1866 gantur—quae
710 1795 777 1846 C.
809 1796 1098 1854 Salinator,
1127 1814 1266 1863 quae
1294 1797 1392 1863 Sp.
1423 1797 1674 1856 Albinus,
1706 1800 1875 1848 homi-

238 1892 333 1925 nes
355 1876 663 1926 consulares
691 1875 854 1924 nostri
882 1875 991 1923 fere
1020 1876 1273 1941 aequales
1301 1876 1582 1940 deplorare
1610 1877 1870 1935 solebant,

237 1962 347 2003 tum
375 1954 517 2020 quod
544 1953 906 2018 voluptatibus
931 1962 1191 2009 carerent,
1218 1953 1331 2002 sine
1357 1954 1549 2019 quibus
1571 1954 1732 2002 vitam
1761 1956 1876 2003 nul-

237 2033 344 2081 lam
373 2041 636 2097 putarent,
666 2040 776 2080 tum
816 2031 957 2097 quod
997 2041 1371 2096 spernerentur
1409 2032 1476 2080 ab
1515 2031 1577 2081 iis
1619 2048 1648 2080 a
1686 2033 1877 2098 quibus

239 2118 414 2159 essent
441 2109 542 2158 coli
577 2109 731 2158 soliti.
810 2107 922 2173 Qi
962 2108 1090 2156 mihi
1132 2125 1236 2157 non
1275 2108 1327 2157 id
1366 2109 1683 2158 videbantur
1722 2104 1878 2158 accu-

239 2203 357 2237 sare
384 2187 526 2253 quod
553 2195 692 2236 esset
719 2187 1103 2236 accusandum.
1183 2185 1327 2235 Nam
1356 2186 1398 2235 si
1425 2186 1478 2235 id
1507 2187 1663 2252 culpa
1693 2204 1877 2236 senec-

136 2265 360 2339 “vtutis
411 2264 694 2321 accideret,
738 2265 928 2313 eadem
967 2265 1098 2313 mihi
1138 2281 1238 2313 usu
1276 2264 1518 2313 venirent
1555 2265 1877 2331 reliquisque

163 2360 174 2373 ³
202 2335 205 2341 ’
238 2342 483 2404 omnibus
536 2342 824 2391 maioribus
869 2351 1018 2399 natu,
1059 2360 1286 2408 quorum
1325 2359 1428 2409 ego
1469 2343 1752 2392 multorum
1793 2360 1879 2393 co-

170 2453 178 2458 -
239 2419 401 2492 gnovi
439 2428 764 2469 senectutem
804 2419 917 2468 sine
956 2421 1216 2486 querella,
1259 2420 1348 2486 qui
1389 2437 1445 2469 se
1496 2429 1546 2469 et
1597 2421 1877 2470 libidinum

162 2533 167 2536 -
238 2497 464 2546 vinculis
491 2498 710 2561 ‘laxatos
749 2514 865 2545 esse
904 2514 1010 2546 non
1051 2499 1271 2547 moleste
1312 2499 1525 2554 ferrent,
1561 2515 1662 2547 nec
1700 2515 1728 2547 a
1769 2501 1878 2549 suis

238 2574 654 2640 despicerentur.
733 2574 844 2624 Sed
882 2575 1121 2623 omnium
1161 2576 1308 2625 istius
1347 2576 1488 2626 modi
1517 2577 1875 2643 querellarum

238 2652 293 2701 in
320 2651 554 2701 moribus
582 2646 658 2701 est
684 2653 862 2716 culpa,
887 2670 992 2701 non
1022 2652 1075 2700 in
1104 2662 1292 2702 aetate.
1374 2653 1641 2704 Moderati
1663 2655 1806 2703 enim
1829 2664 1880 2704 et

238 2745 339 2778 nec
365 2729 605 2779 difficiles
633 2746 732 2778 nec
758 2729 1036 2778 inhumani
1067 2747 1222 2779 senes
1260 2732 1591 2781 tolerabilem
1635 2742 1878 2782 senectu-

238 2817 342 2856 tem
377 2815 573 2872 agunt;
614 2806 983 2871 importunitas
1024 2816 1199 2856 autem
1240 2816 1290 2857 et
1327 2809 1689 2859 inhumanitas
1732 2810 1876 2859 omni

239 2882 395 2932 aetati
435 2885 653 2932 molesta
693 2892 787 2932 est.
866 2893 907 2928 8·
948 2883 1225 2934 LAELIUs.
1303 2885 1399 2934 Est
1432 2895 1489 2935 ut
1523 2888 1674 2946 dicis,
1705 2887 1874 2944 Cat03

239 2961 333 3010 s'ed
359 2961 580 3031 fortasse
609 2961 799 3028 dixerit
824 2962 1088 3027 quispiam
1115 2962 1205 3012 tibi
1234 2972 1447 3028 propter
1473 2981 1601 3029 opes
1624 2974 1672 3014 et
1694 2967 1875 3031 copias

279 3124 330 3154 Af,
