2046 3184
0 0 90 163 Γ
194 97 328 128 xvrn.
351 87 437 144 62·]
581 88 881 154 Examples
919 89 992 151 os
1011 88 1282 135 IIonored
1312 86 1455 152 Age.
1758 100 1822 151 23

123 274 140 288 .
193 249 369 290 essent
417 240 509 289 illa
559 239 801 288 dimensa
847 247 1003 303 atque
1055 233 1336 301 discripta}
1390 246 1440 286 et
1488 236 1694 303 Cyrum
1744 256 1826 288 re-

192 317 501 382 spondisse:
546 329 558 346 ⁶
579 315 742 380 Atqui
770 332 872 381 ego
900 316 995 362 ista
1023 332 1140 363 sum
1168 314 1347 362 omnia
1374 315 1678 371 dimensus3
1719 316 1824 364 mei

191 403 312 444 sunt
359 395 590 450 ordines,
637 409 754 440 mea
800 391 1102 455 discripti03
1155 391 1352 439 multae
1396 391 1553 438 etiam
1604 391 1823 441 istarum

192 472 438 520 arborum
479 487 598 519 mea
638 487 799 517 manu
838 478 959 518 sunt
1008 468 1193 516 satae.’
1272 467 1415 516 Tum
1455 467 1819 533 Lysandrum,

190 549 479 597 intuentem
507 563 795 612 purpuram
825 546 938 594 eius
964 554 1016 594 et
1040 546 1263 593 nitorem
1291 545 1526 609 corporis
1552 554 1824 595 ornatum-

188 642 292 692 que
319 625 591 674 Persicum
632 625 794 672 multo
833 639 962 671 auro
1001 622 1283 687 multisque
1322 622 1570 688 gemmis,
1601 623 1820 682 dixisse,

192 713 204 734 ‘
227 703 396 752 Recte
435 719 561 751 vero
600 710 669 759 te,
700 700 863 766 Cyre,
893 701 1107 749 beatum
1146 700 1339 757 ferunt,
1368 700 1620 766 quoniam
1646 701 1823 751 virtuti

187 789 309 831 tuae
336 775 544 830 fortuna
572 779 854 828 coniuncta
881 778 996 827 est.'

178 850 239 908 xl
256 869 331 905 60.
372 858 492 907 Hac
518 857 678 924 igitur
703 856 911 905 fortuna
950 855 1050 903 frui
1089 854 1211 903 licet
1247 854 1496 913 senibu33
1538 872 1637 906 nec
1674 865 1821 908 aetas

186 937 390 1002 inpedit
431 953 536 1002 quo
581 936 755 983 minus
795 942 845 983 et
889 942 1183 982 ceterarum
1227 950 1404 982 rerum
1446 942 1496 982 et
1539 934 1592 982 in
1636 934 1821 1000 primis

187 1017 304 1082 agri
331 1014 538 1064 colendi
567 1012 739 1062 studia
764 1020 1040 1060 teneamus
1068 1027 1233 1076 usque
1255 1011 1322 1060 ad
1344 1011 1585 1060 ultimum
1612 1020 1820 1078 tempus

186 1093 488 1143 senectutis.
544 1090 624 1139 M.
655 1091 871 1156 quidem
897 1088 1173 1138 Valerium
1196 1088 1487 1138 Corvinum
1516 1090 1828 1155 accepimus

188 1171 256 1220 ad
305 1170 651 1220 centesimum
704 1185 902 1218 annum
953 1167 1287 1232 perduxisse,
1342 1182 1462 1214 cum
1515 1177 1653 1216 esset
1703 1177 1820 1218 acta

181 1248 293 1317 jam
323 1258 492 1297 aetate
520 1248 573 1296 in
601 1247 745 1314 agris
772 1262 967 1312 eosque
995 1245 1222 1300 coleret3
1252 1244 1401 1311 cujus
1428 1244 1564 1293 inter
1588 1245 1821 1310 primum

186 1335 237 1376 et
268 1335 478 1375 sextum
510 1326 843 1375 consulatum
883 1341 978 1373 sex
1017 1332 1066 1372 et
1103 1323 1459 1390 quadraginta
1499 1324 1623 1371 anni
1662 1324 1822 1374 inter-

185 1405 413 1454 fuerunt.
517 1403 595 1452 Ita
645 1411 900 1469 quantum
951 1401 1179 1467 spatium
1236 1401 1422 1450 aetatis
1473 1402 1701 1469 majores
1751 1403 1822 1453 ad

185 1481 468 1532 senectutis
518 1480 723 1530 initium
774 1496 890 1530 esse
941 1480 1241 1538 voluerunt,
1281 1488 1457 1529 tantus
1507 1479 1580 1528 illi
1634 1473 1819 1531 cursus

185 1560 446 1610 honorum
483 1559 608 1616 fuit3
649 1568 804 1626 atque
840 1558 998 1609 huius
1036 1567 1275 1608 extrema
1310 1567 1454 1608 aetas
1491 1560 1593 1608 hoc
1618 1559 1828 1610 beatior·

183 1655 343 1705 quam
384 1638 580 1695 media,
621 1639 762 1704 quod
802 1638 1124 1688 auctoritatis
1164 1638 1393 1687 habebat
1442 1638 1582 1704 plus,
1622 1638 1826 1689 laboris

185 1716 378 1765 minus.
472 1715 633 1781 Apex
683 1724 760 1765 est
810 1724 986 1765 autem
1037 1716 1320 1765 senectutis
1371 1716 1673 1765 auctoritas.
1754 1728 1821 1765 61.

186 1793 404 1859 Qanta
432 1795 526 1842 fuit
553 1795 604 1842 in
628 1793 693 1842 L.
721 1793 960 1844 Caecilio
983 1792 1203 1842 Metello
1225 1791 1236 1841 1
1264 1802 1462 1859 quanta
1489 1793 1541 1842 in
1561 1792 1632 1842 A.
1655 1792 1820 1845 Atilio

184 1871 464 1922 Calatino!
507 1872 559 1919 in
586 1889 743 1937 quem
771 1871 900 1920 illud
928 1871 1196 1938 elogium:
1233 1879 1257 1928 3
1275 1870 1458 1920 Unum
1487 1871 1630 1920 hunc
1657 1871 1822 1936 pluri-

184 1965 304 1998 mae
325 1949 658 1998 consentiunt
678 1957 864 2015 gentes
887 1939 1067 2013 populi
1089 1948 1398 2012 primarium
1426 1947 1588 1997 fuisse
1609 1948 1820 1997 virum.'

183 2026 384 2076 Notum
423 2036 501 2075 est
538 2043 754 2075 carmen
793 2026 1019 2075 incisum
1057 2025 1111 2074 in
1150 2026 1413 2090 sepulcro.
1500 2025 1622 2075 Iure
1658 2025 1821 2092 igitur

183 2105 383 2172 gravis,
414 2104 564 2170 cujus
602 2105 669 2152 de
707 2104 953 2152 laudibus
984 2103 1221 2152 omnium
1251 2111 1388 2152 esset
1425 2104 1568 2152 fama
1595 2120 1820 2154 consen-

183 2181 334 2231 tiens.
418 2180 598 2246 Qem
647 2181 820 2229 virum
870 2197 1040 2246 nuper
1088 2179 1152 2228 P.
1206 2179 1464 2230 Crassum
1513 2181 1819 2245 pontificem

183 2260 499 2315 maximum,
547 2275 704 2324 quem
752 2267 934 2322 postea
979 2256 1060 2306 M.
1103 2257 1371 2322 Lepidum
1410 2259 1598 2307 eodem
1643 2274 1820 2308 sacer-

183 2338 324 2387 dotio
363 2337 681 2402 praeditum,
714 2334 975 2385 vidimus!
1053 2334 1200 2400 Qid
1239 2336 1304 2384 de
1344 2335 1511 2384 Paulo
1551 2343 1641 2384 aut
1679 2334 1821 2386 Afri-

183 2429 318 2463 cano
356 2415 562 2479 loquar,
602 2422 710 2469 aut,
753 2422 808 2462 ut
844 2413 951 2462 iam
991 2421 1131 2470 ante,
1171 2413 1236 2461 de
1276 2411 1555 2462 Maximo?
1591 2429 1818 2478 quorum

181 2507 290 2540 non
328 2491 381 2539 in
420 2492 679 2540 sententia
718 2491 909 2547 solum,
952 2490 1046 2539 sed
1086 2490 1243 2539 etiam
1292 2490 1346 2538 in
1387 2499 1516 2538 nutu
1553 2490 1821 2540 residebat

183 2569 483 2617 auctoritas.
564 2568 742 2617 Habet
768 2576 1032 2624 senectus,
1059 2568 1314 2616 honorata
1343 2567 1674 2632 praesertim,
1703 2575 1820 2616 tan-

182 2653 290 2693 tam
317 2645 679 2694 auctoritatem
707 2654 762 2694 ut
789 2661 851 2693 ea
878 2645 1044 2710 pluris
1083 2645 1148 2693 sit
1184 2661 1347 2710 quam
1381 2661 1568 2694 omnes
1608 2644 1819 2695 adules-

183 2721 387 2771 centiae
415 2722 729 2785 voluptates.

142 2791 203 2841 'W‘
252 2814 415 2847 xvm.
456 2812 529 2847 62.
579 2798 691 2848 Sed
726 2799 778 2846 in
806 2798 951 2848 omni
978 2798 1213 2848 oratione
1240 2807 1557 2849 mementote
1584 2815 1705 2848 eam
1731 2815 1819 2849 me

181 2885 507 2925 senectutem
559 2876 779 2925 laudare
823 2892 961 2941 quae
1016 2876 1374 2926 fundamentis
1416 2876 1818 2926 adulescentiae

183 2953 460 3006 constituta
496 2954 576 3002 sit.
654 2952 741 3001 Ex
785 2969 888 3018 quo
932 2953 1153 3002 efficitur
1192 2953 1245 3003 id
1286 2954 1426 3020 quod
1471 2971 1574 3020 ego
1618 2970 1817 3021 magno

13 3075 15 3077 ¹
226 3112 323 3184 ὼ,
357 3123 445 3170 rw-
484 3090 611 3156 „tw
644 3077 726 3141 Ψ
745 3073 776 3101 k
