2046 3184
198 157 258 202 vr.
286 91 366 199 ᾧ]
618 129 676 178 Jt
712 129 884 194 Unfits
902 129 1014 194 for
1039 125 1233 176 Actz've
1257 125 1409 189 Life.
1809 134 1834 188 7

198 284 412 339 debant,
438 281 569 330 nihil
592 279 859 348 agebant?
919 292 984 327 16.
1015 277 1104 327 Ad
1128 277 1273 343 Appi
1295 276 1490 327 Claudi
1512 279 1836 326 senectutem

199 360 488 411 accedebat
525 358 687 407 etiarn
727 366 783 406 ut
821 373 1013 406 caecus
1054 363 1222 410 esset3
1261 363 1440 403 tamen
1475 355 1538 412 is,
1569 371 1691 404 cum
1720 372 1839 406 sen-

197 439 357 488 tentia
384 444 599 486 senatus
625 434 904 483 inclinaret
932 434 999 482 ad
1027 448 1214 498 pacem
1234 442 1363 480 'cum
1391 430 1600 498 Pyrrho
1627 431 1835 481 foedus·

197 533 299 582 que
338 515 663 568 faciendum,
694 528 799 560 non
828 509 1085 560 dubitavit
1111 509 1288 558 dicere
1315 508 1405 557 illa
1433 525 1570 575 quae
1596 508 1836 558 versibus

198 601 505 658 persecutus
532 599 609 640 est
636 589 842 639 Ennius
864 606 876 636 :

383 715 492 770 Quo
515 713 650 758 vobis
675 719 875 766 mentes,
901 717 1059 755 rectae
1084 723 1205 767 quae
1230 716 1357 753 stare
1381 707 1602 754 solebant

386 783 617 838 Antehac,
643 783 888 826 dementes
914 794 1021 825 sese
1044 779 1218 823 flexere
1241 778 1365 823 viai?

196 906 476 963 ceteraque
539 895 887 963 gravissime:
952 901 1134 943 notum
1198 891 1339 941 enirn
1402 891 1554 941 vobis
1616 907 1834 941 carmen

197 983 304 1031 est3
346 975 502 1023 etiam
543 973 706 1038 ipsius
734 972 878 1037 Appi
907 979 1078 1021 exstat
1115 969 1299 1020 oratio.
1379 968 1556 1035 Atque
1585 969 1720 1018 haec
1747 969 1836 1019 ille

197 1053 307 1118 egit
351 1052 574 1115 septimo
619 1050 826 1100 decimo
873 1066 1012 1098 anno
1053 1056 1171 1113 post
1213 1047 1435 1096 alterum
1478 1047 1832 1103 consulatum,

197 1146 318 1178 cum
359 1129 494 1177 inter
534 1129 667 1177 duos
708 1127 1012 1176 consulatus
1054 1125 1179 1174 anni
1223 1125 1408 1174 decern
1454 1123 1832 1181 interfuissent,

199 1223 491 1275 censorque
514 1214 633 1254 ante
661 1205 988 1269 superiorem
1017 1203 1350 1252 consulatum
1380 1201 1594 1257 fuisset3
1636 1217 1704 1249 ex
1730 1218 1836 1266 quo

197 1284 522 1350 intellegitur
543 1282 733 1349 Pyrrhi
747 1281 894 1331 *bello
918 1281 1178 1347 grandem
1199 1296 1327 1329 sane
1350 1278 1511 1327 fuisse
1534 1296 1545 1325 ε
1584 1287 1634 1327 et
1653 1287 1832 1327 tamen

198 1361 274 1410 sic
303 1377 332 1409 a
359 1361 594 1426 patribus
622 1359 1004 1424 accepimus&
1021 1371 1083 1407 17.
1122 1357 1271 1406 Nihil
1294 1356 1456 1423 igitur
1477 1356 1723 1405 adferunt
1743 1356 1832 1422 qui
1875 1377 1938 1394 x

198 1438 252 1487 in
280 1455 335 1487 re
363 1438 604 1504 gerunda
632 1437 830 1486 versari
859 1445 1182 1485 senectutem
1218 1443 1451 1501 negant3
1498 1432 1833 1500 [similesque

197 1515 344 1582 sunt]
377 1523 433 1563 ut
459 1515 500 1564 si
528 1514 615 1581 qui
644 1515 1052 1581 gubernatorem
1081 1514 1133 1562 in
1162 1512 1470 1579 navigando
1500 1510 1631 1559 nihil
1671 1526 1833 1578 agere

197 1594 394 1650 dicant,
425 1609 545 1641 curn
574 1592 663 1641 alii
694 1593 860 1640 malos
889 1591 1170 1648 scandant,
1195 1590 1284 1639 alii
1312 1606 1407 1655 per
1434 1589 1575 1639 foros
1597 1599 1830 1647 cursem,

198 1671 286 1719 alii
328 1671 590 1719 sentinam
632 1669 969 1726 exhauriant,
1014 1669 1102 1718 ille
1145 1669 1355 1718 clavum
1397 1676 1585 1718 tenens
1626 1668 1836 1734 quietus

197 1749 376 1798 sedeat
413 1747 467 1796 in
506 1747 691 1813 puppi.
772 1746 897 1796 Non
930 1746 1055 1796 facit
1081 1762 1144 1795 ea
1171 1762 1308 1812 quae
1337 1745 1590 1796 iuvenes:
1632 1755 1684 1796 at
1708 1763 1838 1796 vero

175 1820 398 1874 'maiora
453 1833 503 1874 et
558 1824 778 1874 meliora
833 1824 976 1873 facit.
1054 1823 1180 1874 Non
1236 1823 1436 1874 viribus
1494 1832 1585 1874 aut
1638 1825 1840 1874 veloci-

194 1912 298 1952 tate
338 1911 428 1952 aut
458 1902 723 1952 celeritate
751 1918 1030 1966 corporum
1059 1918 1143 1951 res
1170 1918 1404 1968 magnae
1433 1911 1708 1969 geruntur,
1739 1903 1835 1954 sed

197 1980 436 2037 consilio,
467 1979 795 2037 auctoritate,
826 1973 1116 2036 sententia3
1156 1981 1346 2046 quibus
1386 1997 1492 2029 non
1532 1981 1690 2030 modo
1727 1993 1837 2030 non

197 2058 391 2115 orbari,
445 2057 539 2107 sed
591 2058 747 2106 etiam
801 2057 985 2123 augeri
1038 2066 1283 2107 senectus
1334 2059 1485 2107 solet.
1600 2072 1663 2107 18.
1712 2058 1833 2108 Nisi

197 2137 327 2184 sorte
355 2151 457 2201 ego
484 2134 652 2191 vobis,
683 2134 769 2200 qui
800 2143 849 2182 et
887 2134 1039 2184 miles
1080 2143 1129 2184 et
1169 2135 1409 2184 tribunus
1451 2144 1500 2184 et
1537 2136 1745 2202 legatus
1785 2145 1835 2184 et

199 2213 382 2261 consul
410 2220 648 2260 versatus
684 2228 799 2260 sum
828 2211 880 2259 in
908 2212 1057 2262 vario
1085 2228 1284 2279 genere
1310 2213 1591 2269 bellorum,
1623 2229 1834 2263 cessare

200 2305 340 2338 nunc
380 2289 565 2338 videor
605 2305 724 2337 cum
767 2289 906 2338 bella
947 2307 1054 2339 non
1101 2306 1251 2356 gero.
1329 2288 1402 2338 At
1446 2291 1651 2339 senatui
1696 2306 1834 2356 quae

199 2367 300 2415 sint
320 2367 556 2433 gerenda
580 2367 903 2431 praescribo,
925 2376 975 2416 et
995 2385 1100 2433 quo
1123 2368 1279 2416 modo
1301 2385 1312 2414 z
1349 2367 1676 2434 Karthagini
1695 2368 1834 2417 male

212 2445 316 2493 iam
357 2444 448 2493 diu
484 2444 735 2510 cogitanti
765 2445 962 2493 bellum
992 2445 1155 2499 multo
1184 2452 1304 2493 ante
1332 2445 1606 2503 denuntio,
1636 2446 1702 2494 de
1729 2461 1834 2511 qua

199 2521 366 2570 vereri
406 2538 512 2570 non
551 2530 672 2570 ante
705 2522 946 2570 desinam
975 2537 1136 2587 quam
1164 2522 1310 2570 illam
1339 2522 1575 2571 excisam
1605 2539 1720 2571 esse
1748 2539 1836 2572 co-

198 2615 447 2663 gnovero.
521 2610 585 2647 19.
618 2598 820 2663 ·Qam
872 2599 1104 2664 palmam
1152 2599 1355 2647 utinam
1395 2599 1464 2648 Di
1504 2600 1830 2658 inmortales,
1876 2640 1886 2651 .

199 2675 397 2740 Scipio,
426 2676 518 2725 tibi
543 2684 835 2732 reservent,
865 2684 921 2724 ut
947 2675 1032 2724 avi
1059 2676 1310 2742 reliquias
1346 2676 1703 2742 persequare!
1744 2694 1835 2726 cu-

211 2753 292 2802 ius
332 2770 362 2801 a
401 2762 567 2803 morte
607 2761 788 2802 sextus
827 2753 915 2801 hic
951 2760 1004 2801 et
1040 2753 1339 2802 tricesimus
1380 2770 1550 2803 annus
1590 2763 1698 2804 est:
1740 2755 1833 2804 sed

198 2831 508 2880 memoriam
536 2831 676 2879 illius
702 2829 799 2878 viri
825 2846 1011 2879 omnes
1038 2829 1306 2894 excipient
1340 2831 1464 2879 anni
1503 2848 1834 2898 consequen-

197 2917 291 2956 tes.
371 2908 532 2957 Anno
585 2915 705 2955 ante
756 2923 841 2955 me
886 2922 1163 2956 censorem
1213 2916 1450 2957 mortuus
1495 2918 1592 2965 est,
1640 2926 1832 2957 novem

201 2985 350 3034 annis
379 2995 493 3050 post
534 3001 708 3031 meum
750 2984 1105 3041 consulatum,
1135 3000 1255 3032 cum
1295 2985 1480 3033 consul
1519 2985 1707 3034 iterum
1749 3003 1833 3036 me
