2046 3184
188 93 218 140 8
817 86 899 137 On
935 87 1044 138 Old
1066 86 1207 154 Age.
1552 101 1687 155 [CAT-
1714 104 1829 155 MAJ.
1898 158 1902 162 ,

117 267 145 281 κ
187 243 406 294 consule
435 250 644 292 creatus
671 250 828 292 esset.
906 240 1054 290 Num
1083 240 1264 307 igitur,
1295 239 1338 290 si
1371 240 1441 290 ad
1479 241 1830 292 centesimum

187 339 386 370 annum
415 321 655 378 vixisset,
687 319 972 369 senectutis
1001 336 1123 367 eum
1151 335 1279 368 suae
1311 317 1682 384 paeniteret?⁴
1711 318 1833 369 Nec

187 400 328 448 enim
358 398 675 447 excursione
703 398 804 446 nec
831 398 968 446 saltu
996 413 1095 445 nec
1123 396 1331 446 eminus
1358 394 1524 445 hastis
1560 404 1651 445 aut
1688 413 1832 446 com·

186 476 362 524 minus
390 476 586 541 gladiis
614 483 867 531 uteretur,
899 474 992 523 sed
1020 473 1262 531 consilio,
1292 473 1517 530 ratione,
1547 473 1827 524 sententia.

188 553 346 617 Qae
382 553 481 601 nisi
522 561 699 601 essent
735 552 791 600 in
830 552 1066 608 senibus,
1100 568 1204 600 non
1243 568 1511 600 summum
1551 550 1831 601 consilium

186 631 414 680 maiores
443 630 606 679 nostri
640 629 1004 694 appell-assent
1043 639 1306 678 senatum.
1406 637 1482 672 20·
1521 627 1686 694 Apud
1725 628 1834 678 La-

185 708 563 758 cedaemonios
603 707 820 773 quidem
859 707 894 755 ii
922 707 1009 772 qui
1042 706 1432 772 amplissimum
1459 706 1830 773 magistratum

186 794 400 852 gerunt,
444 794 499 833 ut
536 794 678 842 sunt,
720 785 796 834 sic
834 785 991 833 etiam
1031 784 1374 834 nominantur
1411 802 1584 834 senes.
1670 782 1834 849 Qod

185 866 226 915 si
255 866 435 932 legere
464 873 554 913 aut
581 864 765 913 audire
791 864 979 913 voletis
1007 872 1246 921 externa,
1279 864 1543 913 maximas
1577 880 1662 913 res
1699 864 1834 929 pub-

185 944 314 992 licas
344 943 409 991 ab
438 942 869 991 adulescentibus
903 941 1271 999 labefactatas,
1302 958 1333 990 a
1371 942 1587 991 senibus
1626 950 1834 992 susten-

187 1030 322 1070 tatas
350 1030 401 1070 et
426 1020 692 1070 restitutas
719 1019 1010 1085 reperietis.

207 1143 356 1199 Cedo,
382 1142 464 1201 qui
486 1150 694 1188 vestram
719 1157 819 1187 rem
842 1139 1082 1202 publicam
1106 1150 1289 1188 tantam
1314 1140 1539 1188 amisistis
1562 1136 1661 1188 tam
1685 1143 1814 1190 cito?

110 1302 116 1313 ‚
188 1257 282 1307 Sic
309 1257 451 1306 enim
479 1266 877 1322 percontantur,
906 1266 962 1306 ut
1000 1266 1080 1306 est
1117 1257 1169 1306 in
1210 1256 1385 1307 Naevi
1425 1261 1613 1325 poetae
1652 1257 1829 1309 Ludo.

189 1335 607 1402 Respondentur
633 1345 684 1384 et
710 1335 814 1384 alia
842 1343 892 1385 et
919 1335 1021 1386 hoc
1047 1335 1099 1384 in
1127 1335 1312 1402 primis
1334 1353 1345 1383 :

343 1457 697 1503 Proveniebant
721 1457 936 1504 oratores
961 1455 1087 1515 novi,
1113 1458 1246 1504 stulti
1271 1453 1634 1506 adulescentuli.

181 1566 486 1617 Temeritas
526 1576 604 1618 est
634 1567 883 1619 videlicet
918 1567 1155 1619 florentis
1195 1568 1403 1627 aetatiS,
1432 1569 1714 1635 prudentia
1751 1585 1835 1620 se-

185 1646 474 1696 nescentis.
503 1703 526 1720 Α

255 1740 356 1773 vn.
411 1738 477 1774 21.
521 1723 629 1774 ‘At
666 1725 925 1775 memoria
964 1725 1231 1775 minuitur.
1332 1724 1531 1784 Cred0,
1573 1726 1674 1776 nisi
1713 1742 1833 1775 eam

187 1819 463 1858 exerceas,
491 1813 579 1851 aut
601 1804 758 1852 etiam
783 1803 825 1853 si
847 1803 919 1853 sis
941 1812 1130 1852 natura
1157 1803 1374 1853 tardior.
1439 1803 1833 1854 Themistocles
1864 1806 1880 1812 ’

186 1883 425 1932 omnium
456 1883 649 1931 civium
679 1891 992 1949 perceperat
1017 1883 1255 1932 nomina.
1334 1883 1482 1933 Num
1515 1885 1675 1952 igitur
1710 1901 1834 1935 cen-

186 1960 311 2010 setis
339 1977 482 2018 eum,
515 1978 635 2009 cum
664 1970 836 2011 aetate
869 1961 1233 2027 processisset,
1264 1962 1351 2028 qui
1394 1960 1654 2012 Aristides
1694 1970 1834 2013 esset

188 2037 582 2105 Lysimachum
628 2040 860 2089 salutare
905 2038 1152 2089 solitum?
1225 2040 1488 2106 Equidem
1530 2058 1635 2090 non
1675 2041 1834 2091 modo

191 2133 282 2165 eos
305 2116 426 2165 novi
450 2117 539 2182 qui
563 2126 703 2174 sunt,
730 2118 823 2167 sed
845 2135 1027 2167 eorum
1052 2126 1227 2182 patres
1250 2119 1407 2168 etiam
1432 2127 1481 2167 et
1508 2136 1651 2168 avos.
1715 2118 1835 2169 Nec

188 2194 435 2258 sepulcra
486 2195 675 2260 legens
715 2212 903 2244 vereor
953 2196 1125 2261 (quod
1177 2195 1350 2261 aiunt)
1401 2213 1467 2244 ne
1518 2197 1832 2246 memoriam

187 2272 442 2336 perdam3
485 2272 568 2321 his
596 2273 738 2320 enim
773 2273 903 2338 ipsis
942 2273 1187 2339 legendis
1226 2274 1280 2322 in
1322 2274 1630 2323 memoriam
1672 2275 1834 2325 redeo

186 2357 533 2398 mortuorum.
613 2349 732 2399 Nec
759 2367 885 2399 vero
913 2367 1237 2416 quemquam
1265 2368 1448 2400 senem
1485 2351 1663 2401 audivi
1701 2351 1834 2402 obli-

185 2434 297 2475 tum
325 2443 430 2492 quo
453 2428 569 2476 loco
592 2429 901 2476 thesaurum
925 2428 1201 2477 obruisset.
1268 2428 1464 2478 Omnia
1487 2445 1624 2494 quae
1647 2437 1834 2479 curant

185 2505 575 2553 meminerunt:
616 2506 923 2554 vadimonia
963 2506 1276 2562 constituta3
1317 2506 1407 2572 qui
1446 2506 1564 2563 sibi,
1607 2507 1692 2556 cui
1730 2505 1832 2572 ipsi

171 2581 435 2647 2debeant.
471 2589 490 2613 V
513 2597 586 2631 22.
628 2582 775 2647 Qud
805 2583 931 2632 iuris
960 2584 1205 2641 consulti,
1230 2584 1357 2650 quid
1384 2583 1680 2648 pontifices,
1705 2584 1834 2650 quid

188 2675 440 2725 augures,
473 2661 598 2725 quid
627 2661 930 2725 philosophi
959 2660 1150 2710 senes?
1188 2678 1350 2727 quarn
1378 2661 1542 2709 multa
1575 2662 1834 2710 memine-

186 2735 339 2785 runt!
417 2737 644 2786 Manent
669 2738 886 2804 ingenia
914 2738 1148 2796 senibus,
1181 2738 1339 2788 modo
1378 2746 1688 2803 permaneat
1726 2747 1833 2788 stu-

186 2814 334 2863 dium
357 2823 406 2862 et
427 2815 684 2864 industria
706 2833 717 2872 3
759 2832 930 2881 neque
953 2833 1016 2864 ea
1038 2816 1208 2865 solum
1230 2815 1284 2864 in
1306 2816 1463 2865 claris
1484 2823 1534 2864 et
1560 2815 1831 2865 honoratis

175 2891 333 2947 viris,
366 2892 459 2940 sed
498 2892 551 2940 in
579 2893 685 2940 vita
726 2893 885 2940 etiam
925 2893 1132 2958 privata
1171 2900 1221 2942 et
1257 2894 1454 2959 quieta.
1533 2892 1831 2958 Sophocles

179 2968 258 3017 ad
280 2986 544 3018 summam
567 2978 893 3019 senectutem
921 2971 1226 3037 tragoedias
1254 2970 1408 3020 fecit:
1448 2970 1591 3037 quod
1617 2978 1832 3036 propter

1237 1725 1250 1746 9
